@article{Bradley2008,
  doi = {10.1175/2007waf2007049.1},
  year = {2008},
  volume = {23},
  number = {5},
  pages = {992--1006},
  author = {A. Allen Bradley and Stuart S. Schwartz and Tempei Hashino},
  title = {Sampling Uncertainty and Confidence Intervals for the {Brier} Score and {Brier} Skill Score},
  journal = {Weather and Forecasting}
}

@Article{Hothorn2008,
    title = {Simultaneous Inference in General Parametric Models},
    author = {Torsten Hothorn and Frank Bretz and Peter Westfall},
    doi={10.1002/bimj.200810425},
    journal = {Biometrical Journal},
    year = {2008},
    volume = {50},
    number = {3},
    pages = {346--363},
}

@article{Skrondal2000,
  doi = {10.1207/s15327906mbr3502_1},
  year = {2000},
  volume = {35},
  number = {2},
  pages = {137--167},
  author = {Anders Skrondal},
  title = {Design and Analysis of Monte Carlo Experiments: Attacking the Conventional Wisdom},
  journal = {Multivariate Behavioral Research}
}

@article{Breiman2001,
  doi = {10.1023/a:1010933404324},
  title={{Random Forests}},
  year = {2001},
  publisher = {Springer Science and Business Media {LLC}},
  volume = {45},
  number = {1},
  pages = {5--32},
  author = {Leo Breiman},
  journal = {Machine Learning}
}

@book{Mccullagh2019,
  title={{Generalized Linear Models}},
  author={McCullagh, Peter and Nelder, John A},
  year={1989},
  doi = {10.1007/978-1-4899-3242-6},
  edition = {second},
  publisher = {Springer US},
  address = {Boston}
}

@article{Zou2006,
  doi = {10.1198/016214506000000735},
  year = {2006},
  publisher = {Informa {UK} Limited},
  volume = {101},
  number = {476},
  pages = {1418--1429},
  author = {Hui Zou},
  title = {The Adaptive {Lasso} and Its Oracle Properties},
  journal = {Journal of the American Statistical Association}
}

@article{Zou2005,
  doi = {10.1111/j.1467-9868.2005.00503.x},
  year = {2005},
  publisher = {Wiley},
  volume = {67},
  number = {2},
  pages = {301--320},
  author = {Hui Zou and Trevor Hastie},
  title = {Regularization and variable selection via the elastic net},
  journal = {Journal of the Royal Statistical Society: Series B (Statistical Methodology)}
}

@article{Algamal2015,
	author = {Algamal, Zakariya Yahya and Lee, Muhammad Hisyam},
	doi = {10.1016/J.ESWA.2015.08.016},
	journal = {Expert Systems with Applications},
	number = {23},
	pages = {9326--9332},
	publisher = {Pergamon},
	title = {{Penalized logistic regression with the adaptive LASSO for gene
		selection in high-dimensional cancer classification}},
	volume = {42},
	year = {2015}
}

@book{Steyerberg2019,
  doi = {10.1007/978-3-030-16399-0},
  year = {2019},
  publisher = {Springer International Publishing},
  author = {Ewout W. Steyerberg},
  title = {Clinical Prediction Models},
  address = {Cham}
}

@article{Gneiting2007,
author = {Tilmann Gneiting and Adrian E Raftery},
title = {Strictly Proper Scoring Rules, Prediction, and Estimation},
journal = {Journal of the American Statistical Association},
volume = {102},
number = {477},
pages = {359-378},
year = {2007},
doi = {10.1198/016214506000001437} }

@article{Gneiting2008,
  doi = {10.1111/j.1467-985x.2007.00522.x},
  year = {2008},
  volume = {171},
  number = {2},
  pages = {319--321},
  author = {Tilmann Gneiting},
  title = {Editorial: Probabilistic forecasting},
  journal = {Journal of the Royal Statistical Society: Series A (Statistics in Society)}
}

@article{Wynants2020,
author = {Laure Wynants and Ben Van Calster and Gary S Collins and Richard D Riley
and Georg Heinze and Ewoud Schuit and Marc M J Bonten and Darren L Dahly and
Johanna A Damen and Thomas P A Debray and Valentijn M T de Jong and Maarten De Vos
and Paula Dhiman and Maria C Haller and Michael O Harhay and Liesbet Henckaerts
and Pauline Heus and Michael Kammer and others},
title = {Prediction models for diagnosis and prognosis of covid-19: Systematic review and critical appraisal},
journal = {BMJ},
volume = {369},
pages = {m1328},
year = {2020},
doi = {10.1136/bmj.m1328}
}

@article{Kreuzberger2020,
author = {N Kreuzberger and JAAG Damen and M Trivella and L J Estcourt and A Aldin
and L Umlauff and MDLA Vazquez-Montes and R Wolff and KGM Moons and I Monsef and F Foroutan and KA Kreuzer and N Skoetz},
title = {Prognostic models for newly-diagnosed chronic lymphocytic leukaemia in adults: A systematic review and meta-analysis},
journal = {Cochrane Database of Systematic Reviews},
volume = {7},
year = {2020},
doi = {10.1002/14651858.CD012022.pub2}
}

@article{Seker2020,
author = {BI On Seker and K Reeve and J Havla and J Burns and MA Gosteli and A
Lutterotti and S Schippling and U Mansmann and U Held},
title = {Prognostic models for predicting clinical disease progression, worsening and activity in people with multiple sclerosis},
journal = {Cochrane Database of Systematic Reviews},
number = {5},
year = {2020},
publisher = {John Wiley \& Sons, Ltd},
DOI = {10.1002/14651858.CD013606}
}

@article{Riley2018,
  doi = {10.1002/sim.7992},
  year = {2018},
  volume = {38},
  number = {7},
  pages = {1276--1296},
  author = {Richard D Riley and Kym IE Snell and Joie Ensor and Danielle L Burke and Frank E Harrell Jr and Karel GM Moons and Gary S Collins},
  title = {Minimum sample size for developing a multivariable prediction model: {PART} {II} -- binary and time-to-event outcomes},
  journal = {Statistics in Medicine}
}

@article{vanSmeden2018,
  doi = {10.1177/0962280218784726},
  year = {2018},
  volume = {28},
  number = {8},
  pages = {2455--2474},
  author = {Maarten van Smeden and Karel GM Moons and Joris AH de Groot and Gary S Collins and Douglas G Altman and Marinus JC Eijkemans and Johannes B Reitsma},
  title = {Sample size for binary logistic prediction models: Beyond events per variable criteria},
  journal = {Statistical Methods in Medical Research}
}

@article{Damen2016,
  doi = {10.1136/bmj.i2416},
  year = {2016},
  volume = {353},
  pages = {i2416},
  author = {Johanna A A G Damen and Lotty Hooft and Ewoud Schuit and Thomas P A Debray and Gary S Collins and Ioanna Tzoulaki and Camille M Lassale and George C M Siontis and Virginia Chiocchia and Corran Roberts and Michael Maia Schl\"{u}ssel and Stephen Gerry and James A Black and Pauline Heus and Yvonne T van der Schouw and Linda M Peelen and Karel G M Moons},
  title = {Prediction models for cardiovascular disease risk in the general population: Systematic review},
  journal = {{BMJ}}
}


@article{Vidaurre2013,
  doi = {10.1111/insr.12023},
  year = {2013},
  volume = {81},
  number = {3},
  pages = {361--387},
  author = {Diego Vidaurre and Concha Bielza and Pedro Larra{\~{n}}aga},
  title = {A Survey of {$L_1$} Regression},
  journal = {International Statistical Review}
}

@Article{Wright2017,
    title = {{ranger}: A Fast Implementation of Random Forests for High Dimensional Data in {C++} and {R}},
    author = {Marvin N. Wright and Andreas Ziegler},
    journal = {Journal of Statistical Software},
    year = {2017},
    volume = {77},
    number = {1},
    pages = {1--17},
    doi = {10.18637/jss.v077.i01},
}

@Article{Friedman2010,
  title = {{Regularization Paths for Generalized Linear Models via Coordinate Descent}},
  author = {Jerome Friedman and Trevor Hastie and Robert Tibshirani},
  journal = {Journal of Statistical Software},
  year = {2010},
  volume = {33},
  number = {1},
  pages = {1--22},
  doi = {10.18637/jss.v033.i01}
}

@Article{Simon2011,
  title = {{Regularization Paths for Cox's Proportional Hazards Model via Coordinate Descent}},
  author = {Noah Simon and Jerome Friedman and Trevor Hastie and Rob Tibshirani},
  journal = {Journal of Statistical Software},
  year = {2011},
  volume = {39},
  number = {5},
  pages = {1--13},
  doi = {10.18637/jss.v039.i05}
}

@Article{Robin2011,
    title = {{pROC: An open-source package for R and S+ to analyze and compare ROC curves}},
    author = {Xavier Robin and Natacha Turck and Alexandre Hainard and Natalia
                  Tiberti and Frédérique Lisacek and Jean-Charles Sanchez and
                  Markus Müller},
    year = {2011},
    journal = {BMC Bioinformatics},
    volume = {12},
    number = {77},
    doi = {10.1186/1471-2105-12-77}
}

@article{Altman2008,
  doi = {10.1016/s0140-6736(08)60505-x},
  year = {2008},
  volume = {371},
  number = {9619},
  pages = {1149--1150},
  author = {Douglas G Altman and Iveta Simera and John Hoey and David Moher and Ken Schulz},
  title = {{EQUATOR}: Reporting guidelines for health research},
  journal = {The Lancet}
}

@article{Kipruto2022,
  doi = {10.1371/journal.pone.0271240},
  year = {2022},
  volume = {17},
  number = {10},
  pages = {e0271240},
  author = {Edwin Kipruto and Willi Sauerbrei},
  editor = {Ralf Bender},
  title = {Comparison of variable selection procedures and investigation of the role of shrinkage in linear regression-protocol of a simulation study in low-dimensional data},
  journal = {{PLOS} {ONE}}
}


@article{Strobl2022,
  doi = {10.1002/bimj.202200104},
  year = {2022},
  author = {Carolin Strobl and Friedrich Leisch},
  title = {Against the {\textquotedblleft}one method fits all data sets{\textquotedblright} philosophy for comparison studies in methodological research},
  journal = {Biometrical Journal},
  note = {Advance online publication}
}

@article{Gasparini2018,
  doi = {10.21105/joss.00739},
  year = {2018},
  volume = {3},
  number = {26},
  pages = {739},
  author = {Alessandro Gasparini},
  title = {rsimsum: Summarise results from Monte Carlo simulation studies},
  journal = {Journal of Open Source Software}
}

@article{Chalmers2020,
  doi = {10.20982/tqmp.16.4.p248},
  year = {2020},
  volume = {16},
  number = {4},
  pages = {248--280},
  author = {R. Philip Chalmers and Mark C. Adkins},
  title = {Writing Effective and Reliable {Monte Carlo} Simulations with the {SimDesign} Package},
  journal = {The Quantitative Methods for Psychology}
}

@article{White2010,
  doi = {10.1177/1536867x1001000305},
  year = {2010},
  volume = {10},
  number = {3},
  pages = {369--385},
  author = {Ian R. White},
  title = {Simsum: Analyses of Simulation Studies Including Monte Carlo Error},
  journal = {The Stata Journal: Promoting communications on statistics and Stata}
}

@article{Klein2005,
  doi = {10.1146/annurev.nucl.55.090704.151521},
  year = {2005},
  volume = {55},
  number = {1},
  pages = {141--163},
  author = {Joshua R Klein and Aaron Roodman},
  title = {Blind analysis in nuclear and particle physics},
  journal = {Annual Review of Nuclear and Particle Science}
}

@article{Dutilh2019,
  doi = {10.1007/s11229-019-02456-7},
  year = {2021},
  volume = {198},
  pages = {5745--5772},
  author = {Gilles Dutilh and Alexandra Sarafoglou and Eric-Jan Wagenmakers},
  title = {Flexible yet fair: Blinding analyses in experimental psychology},
  journal = {Synthese}
}

@article{Schwab2021,
  title={Statistical programming: Small mistakes, big impacts},
  author={Schwab, Simon and Held, Leonhard},
  doi={10.1111/1740-9713.01522},
  journal={Significance},
  volume={18},
  number={3},
  pages={6--7},
  year={2021}
}

@article{vanderBles2019,
  title={Communicating uncertainty about facts, numbers and science},
  author={Van der Bles, Anne Marthe and Van Der Linden, Sander and Freeman, Alexandra LJ and Mitchell, James and Galvao, Ana B and Zaval, Lisa and Spiegelhalter, David J},
  journal={Royal Society Open Science},
  volume={6},
  number={5},
  pages={181870},
  year={2019},
  doi={10.1098/rsos.181870}
}

@article{Gelman2000,
  doi = {10.1007/s001800000040},
  year = {2000},
  volume = {15},
  number = {3},
  pages = {373--390},
  author = {Andrew Gelman and Francis Tuerlinckx},
  title = {Type {S} error rates for classical and {Bayesian} single and multiple comparison procedures},
  journal = {Computational Statistics}
}

@article{Lawlor2007,
  doi = {10.1093/ije/dym168},
  year = {2007},
  volume = {36},
  number = {5},
  pages = {940--943},
  author = {D. A Lawlor},
  title = {Quality in epidemiological research: Should we be submitting papers before we have the results and submitting more hypothesis-generating research?},
  journal = {International Journal of Epidemiology}
}

@article{Loder2010,
  doi = {10.1136/bmj.c950},
  year = {2010},
  volume = {340},
  pages = {c950},
  author = {E. Loder and T. Groves and D. MacAuley},
  title = {Registration of observational studies},
  journal = {{BMJ}}
}

@article{vanSmeden2016,
  doi = {10.1186/s12874-016-0267-3},
  year = {2016},
  volume = {16},
  number = {1},
  author = {Maarten van Smeden and Joris A. H. de Groot and Karel G. M. Moons and Gary S. Collins and Douglas G. Altman and Marinus J. C. Eijkemans and Johannes B. Reitsma},
  title = {No rationale for 1 variable per 10 events criterion for binary logistic regression analysis},
  journal = {{BMC} Medical Research Methodology}
}


@article{Gasparini2021,
  doi = {10.52933/jdssv.v1i4.9},
  year = {2021},
  volume = {1},
  number = {4},
  author = {Alessandro Gasparini and Tim P. Morris and Michael J. Crowther},
  title = {{INTEREST}: {INteractive} Tool for Exploring {REsults} from Simulation {sTudies}},
  journal = {Journal of Data Science,  Statistics,  and Visualisation}
}

@article{Kreutz2020,
  doi = {10.1093/bioinformatics/btaa191},
  year = {2020},
  volume = {36},
  number = {11},
  pages = {3314--3321},
  author = {Clemens Kreutz and Nilay S Can and Ralf Schulze Bruening and Rabea Meyberg and Zsuzsanna M{\'{e}}rai and Noe Fernandez-Pozo and Stefan A Rensing},
  editor = {Alfonso Valencia},
  title = {A blind and independent benchmark study for detecting differentially methylated regions in plants},
  journal = {Bioinformatics}
}

@article{Tukey1980,
  doi = {10.1080/00031305.1980.10482706},
  year = {1980},
  volume = {34},
  number = {1},
  pages = {23--25},
  author = {John W. Tukey},
  title = {We Need Both Exploratory and Confirmatory},
  journal = {The American Statistician}
}

@article{DeAngelis2004,
  doi = {10.1056/nejme048225},
  year = {2004},
  volume = {351},
  number = {12},
  pages = {1250--1251},
  author = {Catherine De Angelis and Jeffrey M. Drazen and Frank A. Frizelle and Charlotte Haug and John Hoey and Richard Horton and Sheldon Kotzin and Christine Laine and Ana Marusic and A. John P.M. Overbeke and Torben V. Schroeder and Hal C. Sox and Martin B. Van Der Weyden},
  title = {Clinical Trial Registration: A Statement from the International Committee of Medical Journal Editors},
  journal = {New England Journal of Medicine}
}

@article{Jelizarow2010,
  doi = {10.1093/bioinformatics/btq323},
  year = {2010},
  volume = {26},
  number = {16},
  pages = {1990--1998},
  author = {M. Jelizarow and V. Guillemot and A. Tenenhaus and K. Strimmer and
	  A.-L. Boulesteix},
  title = {Over-optimism in bioinformatics: An illustration},
  journal = {Bioinformatics}
}

@article{Ullmann2022,
  doi = {10.1007/s11634-022-00496-5},
  year = {2022},
  author = {Theresa Ullmann and Anna Beer and Maximilian H\"{u}nem\"{o}rder and Thomas Seidl and Anne-Laure Boulesteix},
  title = {Over-optimistic evaluation and reporting of novel cluster algorithms: An illustrative study},
  journal = {Advances in Data Analysis and Classification},
  note = {Advance online publication}
}

@article{Altman2017,
  doi = {10.1136/bmj.j396},
  year = {2017},
  month = feb,
  publisher = {{BMJ}},
  volume = {356},
  pages = {j396},
  author = {Douglas G Altman and David Moher and Kenneth F Schulz},
  title = {Harms of outcome switching in reports of randomised trials: {CONSORT} perspective},
  journal = {{BMJ}}
}

@article{Yousefi2009,
  doi = {10.1093/bioinformatics/btp605},
  year = {2009},
  volume = {26},
  number = {1},
  pages = {68--76},
  author = {M. R. Yousefi and J. Hua and C. Sima and E. R. Dougherty},
  title = {Reporting bias when using real data sets to analyze classification performance},
  journal = {Bioinformatics}
}

@article{Robertson2022,
  doi = {10.1002/sim.9605},
  year = {2022},
  author = {David S. Robertson and Babak Choodari-Oskooei and Munya Dimairo and Laura Flight and Philip Pallmann and Thomas Jaki},
  title = {Point estimation for adaptive trial designs {I}: A methodological review},
  note = {Advance online publication},
  journal = {Statistics in Medicine}
}

@article{Boulesteix2015,
  doi = {10.4137/cin.s30747},
  year = {2015},
  volume = {14},
  number = {S5},
  pages = {11--19},
  author = {Anne-Laure Boulesteix and Veronika Stierle and Alexander Hapfelmeier},
  title = {Publication Bias in Methodological Computational Research},
  journal = {Cancer Informatics}
}

@article{Boulesteix2015B,
  doi = {10.1080/00031305.2015.1005128},
  year = {2015},
  volume = {69},
  number = {3},
  pages = {201--212},
  author = {Anne-Laure Boulesteix and Robert Hable and Sabine Lauer and Manuel J. A. Eugster},
  title = {A Statistical Framework for Hypothesis Testing in Real Data Comparison Studies},
  journal = {The American Statistician}
}

@article{Hoffmann2021,
  doi = {10.1098/rsos.201925},
  year = {2021},
  volume = {8},
  number = {4},
  pages = {201925},
  author = {Sabine Hoffmann and Felix Sch\"{o}nbrodt and Ralf Elsas and Rory Wilson and Ulrich Strasser and Anne-Laure Boulesteix},
  title = {The multiplicity of analysis strategies jeopardizes replicability: Lessons learned across disciplines},
  journal = {Royal Society Open Science}
}

@article{Niessl2021,
  doi = {10.1002/widm.1441},
  year = {2021},
  volume = {12},
  number = {2},
  pages = {e1441},
  author = {Christina Nie{\ss}l and Moritz Herrmann and Chiara Wiedemann and Giuseppe Casalicchio and Anne-Laure Boulesteix},
  title = {Over-optimism in benchmark studies and the multiplicity of design and analysis options when interpreting their results},
  journal = {{WIREs} Data Mining and Knowledge Discovery}
}

@article{Boulesteix2020B,
  doi = {10.1136/bmjopen-2020-039921},
  year = {2020},
  volume = {10},
  number = {12},
  pages = {e039921},
  author = {Anne-Laure Boulesteix and Rolf HH Groenwold and Michal Abrahamowicz
	  and Harald Binder and Matthias Briel and Roman Hornung and Tim P
		  Morris and J\"{o}rg Rahnenf\"{u}hrer and Willi Sauerbrei},
  title = {Introduction to statistical simulations in health research},
  journal = {{BMJ} Open}
}

@article{Elofsson2019,
  doi = {10.1371/journal.pcbi.1006649},
  year = {2019},
  volume = {15},
  number = {1},
  pages = {e1006649},
  author = {Arne Elofsson and Berk Hess and Erik Lindahl and Alexey Onufriev and
	  David van der Spoel and Anders Wallqvist},
  editor = {Scott Markel},
  title = {Ten simple rules on how to create open access and reproducible molecular simulations of biological systems},
  journal = {{PLOS} Computational Biology}
}

@article{Monks2018,
  doi = {10.1080/17477778.2018.1442155},
  year = {2018},
  volume = {13},
  number = {1},
  pages = {55--67},
  author = {Thomas Monks and Christine S. M. Currie and Bhakti Stephan Onggo and
	  Stewart Robinson and Martin Kunc and Simon J. E. Taylor},
  title = {Strengthening the reporting of empirical simulation studies:
	  Introducing the {STRESS} guidelines},
  journal = {Journal of Simulation}
}

@article{OKelly2016,
  doi = {10.1002/pst.1789},
  year = {2016},
  volume = {16},
  number = {2},
  pages = {107--113},
  author = {Michael O{\textquotesingle}Kelly and Vladimir Anisimov and Chris Campbell and Sin{\'{e}}ad Hamilton},
  title = {Proposed best practice for projects that involve modelling and simulation},
  journal = {Pharmaceutical Statistics}
}

@article{Smith2010,
  doi = {10.1177/0962280210378949},
  year = {2010},
  volume = {20},
  number = {6},
  pages = {613--622},
  author = {Mike K Smith and Andrea Marshall},
  title = {Importance of protocols for simulation studies in clinical drug development},
  journal = {Statistical Methods in Medical Research}
}

@article{Holford2000,
  doi = {10.1146/annurev.pharmtox.40.1.209},
  year = {2000},
  volume = {40},
  number = {1},
  pages = {209--234},
  author = {N. H. G. Holford and H. C. Kimko and J. P. R. Monteleone and C. C. Peck},
  title = {Simulation of Clinical Trials},
  journal = {Annual Review of Pharmacology and Toxicology}
}

@article{Junk2020,
  doi = {10.1162/99608f92.250f995b},
  year = {2020},
  volume = {2},
  number = {4},
  author = {Thomas R. Junk and Louis Lyons},
  title = {Reproducibility and Replication of Experimental Particle Physics Results},
  journal = {Harvard Data Science Review}
}

@book{Fisher1935,
  year = {1935},
  title={The design of experiments},
  author={Fisher, Ronald Aylmer},
  edition = {ninth},
  publisher = {Hafner Press},
  address = {New York}
}

@incollection{Binswanger2014,
  doi = {10.1007/978-3-319-00026-8_3},
  year = {2013},
  publisher = {Springer International Publishing},
  pages = {49--72},
  author = {Mathias Binswanger},
  title = {Excellence by Nonsense: The Competition for Publications in Modern Science},
  booktitle = {Opening Science},
  address = {Cham}
}

@article{Neill2008,
  doi = {10.1172/jci36371},
  year = {2008},
  volume = {118},
  number = {7},
  pages = {2368--2368},
  author = {Ushma S. Neill},
  title = {Publish or perish,  but at what cost?},
  journal = {Journal of Clinical Investigation}
}

@article{Moher2018,
  doi = {10.1371/journal.pbio.2004089},
  year = {2018},
  volume = {16},
  number = {3},
  pages = {e2004089},
  author = {David Moher and Florian Naudet and Ioana A. Cristea and Frank Miedema and John P. A. Ioannidis and Steven N. Goodman},
  title = {Assessing scientists for hiring,  promotion,  and tenure},
  journal = {{PLOS} Biology}
}

@article{Coiera2021,
  doi = {10.1093/jamia/ocab049},
  year = {2021},
  volume = {28},
  number = {9},
  pages = {1815--1825},
  author = {Enrico Coiera and Huong Ly Tong},
  title = {Replication studies in the clinical decision support literature{\textendash}frequency,  fidelity,  and impact},
  journal = {Journal of the American Medical Informatics Association}
}

@article{Tukey1969,
  doi = {10.1037/h0027108},
  year = {1969},
  volume = {24},
  number = {2},
  pages = {83--91},
  author = {John W. Tukey},
  title = {Analyzing data: Sanctification or detective work?},
  journal = {American Psychologist}
}

@article{Makel2012,
  doi = {10.1177/1745691612460688},
  year = {2012},
  volume = {7},
  number = {6},
  pages = {537--542},
  author = {Matthew C. Makel and Jonathan A. Plucker and Boyd Hegarty},
  title = {Replications in Psychology Research},
  journal = {Perspectives on Psychological Science}
}

@article{Goodman2016,
  doi = {10.1126/scitranslmed.aaf5027},
  year = {2016},
  volume = {8},
  number = {341},
  pages = {341ps12},
  author = {Steven N. Goodman and Daniele Fanelli and John P. A. Ioannidis},
  title = {What does research reproducibility mean?},
  journal = {Science Translational Medicine}
}

@article{Martin2017,
  doi = {10.3389/fpsyg.2017.00523},
  year = {2017},
  volume = {8},
  pages = {523},
  author = {G. N. Martin and Richard M. Clarke},
  title = {Are Psychology Journals Anti-replication? A Snapshot of Editorial Practices},
  journal = {Frontiers in Psychology}
}

@Article{Bayarri2003,
  doi = {10.1016/s0378-3758(02)00282-3},
  year = {2003},
  volume = {111},
  number = {1-2},
  pages = {3--22},
  author = {M.J Bayarri and J Morales},
  title = {Bayesian measures of surprise for outlier detection},
  journal = {Journal of Statistical Planning and Inference}
}

@article{Fuquene2009,
author = {Jairo A. Fúquene and John D. Cook and Luis R. Pericchi},
title = {A case for robust {Bayesian} priors with applications to clinical trials},
volume = {4},
journal = {Bayesian Analysis},
number = {4},
pages = {817--846},
year = {2009},
doi = {10.1214/09-BA431}
}

@Article{Greenland2016,
  doi = {10.1007/s10654-016-0149-3},
  year  = {2016},
  volume = {31},
  number = {4},
  pages = {337--350},
  author = {Sander Greenland and Stephen J. Senn and Kenneth J. Rothman and John B. Carlin and Charles Poole and Steven N. Goodman and Douglas G. Altman},
  title = {Statistical tests, P values, confidence intervals, and power: a guide to misinterpretations},
  journal = {European Journal of Epidemiology}
}

@article {Sellke2001,
AUTHOR = {Sellke, T. and Bayarri, M. J. and Berger, J. O.},
TITLE = {Calibration of $p$ Values for Testing Precise Null Hypotheses},
JOURNAL = {The American Statistician},
YEAR = {2001},
VOLUME = {55},
number = {1},
PAGES = {62-71},
doi = {10.1198/000313001300339950}
}

@article{Robert2014,
  doi = {10.1086/675729},
  year = {2014},
  volume = {81},
  number = {2},
  pages = {216--232},
  author = {Christian P. Robert},
  title = {On the {Jeffreys}-{Lindley} Paradox},
  journal = {Philosophy of Science}
}

@article{Copas2005,
author = {Copas, John and Eguchi, Shinto},
title = {Local model uncertainty and incomplete-data bias (with discussion)},
journal = {Journal of the Royal Statistical Society: Series B (Statistical Methodology)},
volume = {67},
number = {4},
pages = {459-513},
doi = {10.1111/j.1467-9868.2005.00512.x},
year = {2005}
}

@article{Rosenberg2005,
  doi       = {10.1111/j.0014-3820.2005.tb01004.x},
  year      = {2005},
  volume    = {59},
  number    = {2},
  pages     = {464--468},
  author    = {Michael S. Rosenberg},
  title     = {The file-drawer problem revisited: A general weighted method for calculating fails-safe numbers in meta-analysis},
  journal   = {Evolution}
}

@article{Rosenthal1979,
  doi       = {10.1037/0033-2909.86.3.638},
  year      = {1979},
  volume    = {86},
  number    = {3},
  pages     = {638--641},
  author    = {Robert Rosenthal},
  title     = {The file drawer problem and tolerance for null results.},
  journal   = {Psychological Bulletin}
}

@article{Viechtbauer2010,
  doi       = {10.18637/jss.v036.i03},
  year      = {2010},
  volume    = {36},
  number    = {3},
  pages = {1--48},
  author    = {Wolfgang Viechtbauer},
  title     = {Conducting Meta-Analyses in {R} with the metafor Package},
  journal   = {Journal of Statistical Software}
}


@article{MENSA2014,
author = {Ortega, Hector G. and Liu, Mark C. and Pavord, Ian D. and Brusselle, Guy G. and FitzGerald, J. Mark and Chetta, Alfredo and Humbert, Marc and Katz, Lynn E. and Keene, Oliver N. and Yancey, Steven W. and Chanez, Pascal},
title = {Mepolizumab Treatment in Patients with Severe Eosinophilic Asthma},
journal = {New England Journal of Medicine},
volume = {371},
number = {13},
pages = {1198-1207},
year = {2014},
doi = {10.1056/NEJMoa1403290},
}

@article{Pericchi1992,
author = {Pericchi, L. R. and Smith, A. F. M.},
title = {Exact and Approximate Posterior Moments for a Normal Location Parameter},
journal = {Journal of the Royal Statistical Society: Series B (Methodological)},
volume = {54},
number = {3},
pages = {793-804},
doi = {10.1111/j.2517-6161.1992.tb01452.x},
year = {1992}
}

@article{REMAPCAP2020,
  author = {{REMAP-CAP Investigators}},
  doi = {10.1001/jama.2020.17022},
  year = {2020},
  volume = {324},
  number = {13},
  pages = {1317},
  title = {Effect of Hydrocortisone on Mortality and Organ Support in Patients With Severe {COVID}-19},
  journal = {{JAMA}}
}

@article{RECOVERY2020,
  author = {{RECOVERY Collaborative Group}},
  doi = {10.1056/nejmoa2021436},
  year = {2020},
  title = {Dexamethasone in Hospitalized Patients with Covid-19},
  note = {Preliminary report},
  journal = {New England Journal of Medicine}
}

@article{REACT2020,
    author = "{WHO REACT Working Group}",
    authorfull = "{WHO Rapid Evidence Appraisal for COVID-19 Therapies (REACT) Working Group}",
    title = {Association Between Administration of Systemic Corticosteroids and Mortality Among Critically Ill Patients With {COVID-19}: {A} Meta-analysis},
    journal = {{JAMA}},
    volume = {324},
    number = {13},
    pages = {1330--1341},
    year = {2020},
    doi = {10.1001/jama.2020.17023}
}


@article{Cunen2021,
author = {Cunen, Céline and Hjort, Nils Lid},
title = {Combining information across diverse sources: The {II-CC-FF} paradigm},
journal = {Scandinavian Journal of Statistics},
doi = {10.1111/sjos.12530},
volume = {49},
number = {2},
pages = {625--656},
year = {2021}
}

@article{Goodie2019,
author = {Robert J. B. Goudie and Anne M. Presanis and David Lunn and Daniela De Angelis and Lorenz Wernisch},
title = {{Joining and Splitting Models with {Markov} Melding}},
volume = {14},
journal = {Bayesian Analysis},
number = {1},
pages = {81--109},
year = {2019},
doi = {10.1214/18-BA1104},
}

@article{Presanis2013,
  doi = {10.1214/13-sts426},
  year = {2013},
  volume = {28},
  number = {3},
  pages = {376--397},
  author = {Anne M. Presanis and David Ohlssen and David J. Spiegelhalter and Daniela De Angelis},
  title = {Conflict Diagnostics in Directed Acyclic Graphs, with Applications in {Bayesian} Evidence Synthesis},
  journal = {Statistical Science}
}

@Article{Dias2010,
  Title                    = {{C}hecking consistency in mixed treatment comparison meta-analysis},
  Author                   = {Dias, S. and Welton, N. J. and Caldwell, D. M. and Ades, A. E.},
  Journal                  = {Statistics in Medicine},
  Year                     = {2010},
  Number                   = {7-8},
  Pages                    = {932--944},
  Volume                   = {29},
  doi                      = {10.1002/sim.3767}
}

@article{Ferkingstad2017,
author = {Ferkingstad, Egil and Held, Leonhard and Rue, Håvard},
title = {Fast and accurate {Bayesian} model criticism and conflict diagnostics using {R-INLA}},
journal = {Stat},
volume = {6},
number = {1},
pages = {331-344},
doi = {10.1002/sta4.163},
year = {2017}
}

@article{Best2021,
  doi = {10.1002/pst.2093},
  year = {2021},
  volume = {20},
  number = {3},
  pages = {551--562},
  author = {Nicky Best and Robert G. Price and Isabelle J. Pouliquen and Oliver N. Keene},
  title = {Assessing efficacy in important subgroups in confirmatory trials: An example using {Bayesian} dynamic borrowing},
  journal = {Pharmaceutical Statistics}
}

@article{Colquhoun2019,
author = {David Colquhoun},
title = {The False Positive Risk: A Proposal Concerning What to Do About $p$-Values},
journal = {The American Statistician},
volume = {73},
number = {sup1},
pages = {192-201},
year  = {2019},
publisher = {Taylor & Francis},
doi = {10.1080/00031305.2018.1529622},
}

@article{Nott2021,
  doi = {10.1214/20-ba1204},
  year = {2021},
  journal = {Bayesian Analysis},
  volume = {16},
  number = {1},
  pages = {203--231},
  author = {David J. Nott and Max Seah and Luai Al-Labadi and Michael Evans and Hui Khoon Ng and Berthold-Georg Englert},
  title = {Using Prior Expansions for Prior-Data Conflict Checking}
}

@article{Nott2020,
  doi = {10.1214/19-sts731},
  year = {2020},
  journal = {Statistical Science},
  volume = {35},
  number = {2},
  pages = {234--253},
  author = {David J. Nott and Xueou Wang and Michael Evans and Berthold-Georg Englert},
  title = {Checking for Prior-Data Conflict Using Prior-to-Posterior Divergences}
}

@book{OHagan2004,
 Author = {Anthony O'Hagan and Jonathan Forster},
 title = {Kendall's Advanced Theory of Statistic 2B},
 edition = {second},
 address = {Chichester},
 publisher = {Wiley \& Sons},
 year = {2004},
 isbn = {0470685697}
}

@book{Cox2006,
AUTHOR = {Cox, D. R.},
TITLE = {Principles of Statistical Inference},
PUBLISHER = {Cambridge University Press},
ADDRESS = {Cambridge},
YEAR = {2006},
}

@Inbook{Wagenmakers2008,
  author = "Wagenmakers, Eric-Jan and Lee, Michael and Lodewyckx, Tom and Iverson, Geoffrey J.",
  editors = "Hoijtink, Herbert and Klugkist, Irene and Boelen, Paul A.",
  title = "Bayesian Versus Frequentist Inference",
  bookTitle = "Bayesian Evaluation of Informative Hypotheses",
  year = "2008",
  publisher = "Springer",
  address = "New York",
  pages = "181--207",
  isbn = "978-0-387-09612-4",
  doi = "10.1007/978-0-387-09612-4_9"
}

@book{Jaynes2003,
  doi = {10.1017/cbo9780511790423},
  year = {2003},
  publisher = {Cambridge University Press},
  author = {E. T. Jaynes},
  editors = {G. Larry Bretthorst},
  title = {Probability Theory: The Logic of Science},
  address = {Cambridge},
  isbn = {9780521592710}
}


@article{Dequin2020,
  doi = {10.1001/jama.2020.16761},
  year = {2020},
  publisher = {American Medical Association ({AMA})},
  volume = {324},
  number = {13},
  pages = {1298},
  author = {Pierre-Fran{\c{c}}ois Dequin and Nicholas Heming and Ferhat Meziani and Gaëtan Plantef{\`{e}}ve and Guillaume Voiriot and Julio Badi{\'{e}} and Bruno Fran{\c{c}}ois and C{\'{e}}cile Aubron and Jean-Damien Ricard and Stephan Ehrmann and Youenn Jouan and Antoine Guillon and Marie Leclerc and Carine Coffre and H{\'{e}}l{\`{e}}ne Bourgoin and C{\'{e}}line Lengell{\'{e}} and Caroline Caille-F{\'{e}}n{\'{e}}rol and Elsa Tavernier and Sarah Zohar and Bruno Giraudeau and Djillali Annane and Am{\'{e}}lie Le Gouge and},
  title = {Effect of Hydrocortisone on 21-Day Mortality or Respiratory Support Among Critically Ill Patients With {COVID}-19},
  journal = {{JAMA}}
}

@Article{Green2015,
  author    = {Green, P.J. and \L{}atuszy\'nski, K. and Pereyra, M. and Robert, C.P.},
  title     = {Bayesian computation: a summary of the current state, and samples backwards and forwards.},
  journal   = {Statistics and Computing},
  year      = {2015},
  volume    = {25},
  pages     = {835--862},
  number    = {6},
  doi       = {10.1007/s11222-015-9574-5}
}

@book{McGrayne2011,
  year = {2011},
  publisher = {Yale University Press},
  author = {Sharon Bertsch McGrayne},
  title = {The Theory That Would Not Die},
  address = {New Haven}
}

@book{McElreath2018,
  doi = {10.1201/9781315372495},
  year = {2018},
  publisher = {Chapman and Hall/{CRC}},
  address = {New York},
  author = {Richard McElreath},
  title = {Statistical Rethinking}
}

@article{Wasserstein2019,
author = {Ronald L. Wasserstein and Allen L. Schirm and Nicole A. Lazar},
title = {Moving to a World Beyond ``$p < 0.05$''},
journal = {The American Statistician},
volume = {73},
number = {sup1},
pages = {1-19},
year  = {2019},
publisher = {Taylor & Francis},
doi = {10.1080/00031305.2019.1583913}
}

@Article{Matthews2017,
  Title                    = {The {ASA}'s $p$-value statement, one year on},
  Author                   = {Matthews, R A J},
  Journal                  = {Significance},
  Year                     = {2017},
  Number                   = {2},
  Pages                    = {38--40},
  Volume                   = {14},
  doi                      = {10.1080/00031305.2016.1154108}
}

@article{Pawel2022e,
  doi = {10.48550/ARXIV.2203.13076},
  author = {Pawel,  Samuel and Kook,  Lucas and Reeve,  Kelly},
  title = {Pitfalls and Potentials in Simulation Studies},
  note = {arXiv preprint},
  publisher = {arXiv},
  year = {2022},
  copyright = {Creative Commons Attribution 4.0 International}
}

@article{Pawel2022c,
  doi = {10.48550/ARXIV.2211.02552},
  author = {Pawel,  Samuel and Consonni,  Guido and Held,  Leonhard},
  title = {Bayesian approaches to designing replication studies},
  note = {arXiv preprint},
  publisher = {arXiv},
  year = {2022},
  copyright = {Creative Commons Attribution Share Alike 4.0 International}
}

@article{Oberauer2008,
  doi = {10.1037/0278-7393.34.3.439},
  year = {2008},
  volume = {34},
  number = {3},
  pages = {439--459},
  author = {Klaus Oberauer},
  title = {How to say no: Single- and dual-process theories of short-term recognition tested on negative probes.},
  journal = {Journal of Experimental Psychology: Learning,  Memory,  and Cognition}
}

@article{Schmidt2008,
  doi = {10.1037/0278-7393.34.3.514},
  year = {2008},
  volume = {34},
  number = {3},
  pages = {514--523},
  author = {James R. Schmidt and Derek Besner},
  title = {The {S}troop effect: Why proportion congruent has nothing to do with congruency and everything to do with contingency.},
  journal = {Journal of Experimental Psychology: Learning,  Memory,  and Cognition}
}

@article{Payne2008,
  doi = {10.1037/0022-3514.94.1.16},
  year = {2008},
  volume = {94},
  number = {1},
  pages = {16--31},
  author = {B. Keith Payne and Melissa A. Burkley and Mark B. Stokes},
  title = {Why do implicit and explicit attitude tests diverge? The role of structural fit.},
  journal = {Journal of Personality and Social Psychology}
}


@article{Nichols2006,
  doi = {10.1163/156853706776931385},
  year = {2006},
  volume = {6},
  number = {1-2},
  pages = {57--86},
  author = {Shaun Nichols},
  title = {Folk Intuitions on Free Will},
  journal = {Journal of Cognition and Culture}
}

@Article{Muradchanian2021,
  author = {Jasmine Muradchanian and Rink Hoekstra and Henk Kiers and Don van Ravenzwaaij},
  title = {How Best to Quantify Replication Success? {A} Simulation Study on the Comparison of Replication Success Metrics},
  year = {2021},
  Journal = {Royal Society Open Science},
  Volume = {8},
  number = {5},
  pages = {201697},
	doi = {10.1098/rsos.201697},
	journal = {Royal Society Open Science}
}

@Article{Rubin1984,
  Title = {Bayesianly justifiable and relevant frequency calculations for the applied statistician},
  Author = {Donald B Rubin},
  Journal = {The Annals of Statistics},
  Year = {1984},
  Number = {4},
  Pages = {1151--1172},
  Volume = {12},
  doi = {10.1214/aos/1176346785}
}

@misc{FDA1998,
   author = {FDA},
   year = {1998},
   TITLE  = {Providing clinical evidence of effectiveness for human drug and biological products.},
institution = {{US\,\,Food\,\,and\,\,Drug\,\,Administration}},
url =  {www.fda.gov/regulatory-information/search-fda-guidance-documents/providing-clinical-evidence-effectiveness-human-drug-and-biological-products}
 }

@article{Innocenti2019,
  doi = {10.1200/jco.18.01798},
  year = {2019},
  volume = {37},
  number = {14},
  pages = {1217--1227},
  author = {Federico Innocenti and Fang-Shu Ou and Xueping Qu and Tyler J. Zemla and Donna Niedzwiecki and Rachel Tam and Shilpi Mahajan and Richard M. Goldberg and Monica M. Bertagnolli and Charles D. Blanke and Hanna Sanoff and James Atkins and Blas{\'{e}} Polite and Alan P. Venook and Heinz-Josef Lenz and Omar Kabbarah},
  title = {Mutational Analysis of Patients With Colorectal Cancer in {CALGB}/{SWOG} 80405 Identifies New Roles of Microsatellite Instability and Tumor Mutational Burden for Patient Outcome},
  journal = {Journal of Clinical Oncology}
}


@article{Spiegelhalter1986c,
  doi = {10.1002/sim.4780050103},
  year = {1986},
  volume = {5},
  number = {1},
  pages = {1--13},
  author = {D. J. Spiegelhalter and L. S. Freedman},
  title = {A predictive approach to selecting the size of a clinical trial,  based on subjective clinical opinion},
  journal = {Statistics in Medicine}
}

@article{vanZwet2022,
  doi = {10.1002/sim.9406},
  year = {2022},
  volume = {41},
  number = {16},
  pages = {3090--3101},
  author = {Erik W. {van Zwet} and Steven N. Goodman},
  title = {How large should the next study be? Predictive power and sample size requirements for replication studies},
  journal = {Statistics in Medicine}
}

@article{Kunzmann2021,
  doi = {10.1080/00031305.2021.1901782},
  year = {2021},
  volume = {75},
  number = {4},
  pages = {424--432},
  author = {Kevin Kunzmann and Michael J. Grayling and Kim May Lee and David S. Robertson and Kaspar Rufibach and James M. S. Wason},
  title = {A Review of {Bayesian} Perspectives on Sample Size Derivation for Confirmatory Trials},
  journal = {The American Statistician}
}

@article{Rufibach2016,
  doi = {10.1002/pst.1764},
  year = {2016},
  volume = {15},
  number = {5},
  pages = {438--446},
  author = {Kaspar Rufibach and Hans Ulrich Burger and Markus Abt},
  title = {Bayesian predictive power: choice of prior and some recommendations for its use as probability of success in drug development},
  journal = {Pharmaceutical Statistics}
}

@article{OHagan2005,
  doi = {10.1002/pst.175},
  year = {2005},
  volume = {4},
  number = {3},
  pages = {187--201},
  author = {Anthony O{\textquotesingle}Hagan and John W. Stevens and Michael J. Campbell},
  title = {Assurance in clinical trial design},
  journal = {Pharmaceutical Statistics}
}

@article{Pek2019,
  doi = {10.1037/met0000208},
  year = {2019},
  volume = {24},
  number = {5},
  pages = {590--605},
  author = {Jolynn Pek and Joonsuk Park},
  title = {Complexities in power analysis: Quantifying uncertainties with a {Bayesian}-classical hybrid approach},
  journal = {Psychological Methods}
}

@article{Park2022,
  doi = {10.1080/00273171.2022.2038056},
  year = {2022},
  author = {Joonsuk Park and Jolynn Pek},
  title = {Conducting {Bayesian}-Classical Hybrid Power Analysis with {R} Package {Hybridpower}},
  journal = {Multivariate Behavioral Research},
  note = {Advance online publication}
}

@article{Maca2002,
  doi = {10.1081/bip-120006450},
  year = {2002},
  volume = {12},
  number = {2},
  pages = {107--119},
  author = {J. Maca and P. Gallo and M. Branson and W. Maurer},
  title = {Reconsidering some aspects of the two-trials paradigm},
  journal = {Journal of Biopharmaceutical Statistics}
}

@article{Jackson2018,
  doi = {10.1002/bimj.201800071},
  year = {2018},
  volume = {60},
  number = {6},
  pages = {1040--1058},
  author = {Dan Jackson and Ian R. White},
  title = {When should meta-analysis avoid making hidden normality assumptions?},
  journal = {Biometrical Journal}
}

@article{Raudenbush1997,
  doi = {10.1037/1082-989x.2.2.173},
  year = {1997},
  volume = {2},
  number = {2},
  pages = {173--185},
  author = {Stephen W. Raudenbush},
  title = {Statistical analysis and optimal design for cluster randomized trials},
  journal = {Psychological Methods}
}

@article{Firth1993,
  doi = {10.1093/biomet/80.1.27},
  year = {1993},
  volume = {80},
  number = {1},
  pages = {27--38},
  author = {David Firth},
  title = {Bias reduction of maximum likelihood estimates},
  journal = {Biometrika}
}

@article{Rosenkranz2021,
  doi = {10.1002/sim.9014},
  year = {2021},
  volume = {40},
  number = {18},
  pages = {4068--4076},
  author = {Gerd K. Rosenkranz},
  title = {Replicability of studies following a dual-criterion design},
  journal = {Statistics in Medicine}
}

@article{Anderson2022,
  doi = {10.1037/met0000520},
  year = {2022},
  author = {Samantha F. Anderson and Ken Kelley},
  title = {Sample size planning for replication studies: The devil is in the design},
  note = {Advance online publication},
  journal = {Psychological Methods}
}

@article{Bonett2020,
  doi = {10.1177/1094428120911088},
  year = {2020},
  volume = {24},
  number = {3},
  pages = {513--529},
  author = {Douglas G. Bonett},
  title = {Design and Analysis of Replication Studies},
  journal = {Organizational Research Methods}
}

@article{Simons2014,
  doi = {10.1177/1745691613514755},
  year = {2014},
  volume = {9},
  number = {1},
  pages = {76--80},
  author = {Daniel J. Simons},
  title = {The Value of Direct Replication},
  journal = {Perspectives on Psychological Science}
}

@article{Gelfand2002,
  doi = {10.1214/ss/1030550861},
  year = {2002},
  volume = {17},
  number = {2},
  pages = {193--208},
  author = {Alan E. Gelfand and Fei Wang},
  title = {A simulation-based approach to {Bayesian} sample size determination for performance under a given model and for separating models},
  journal = {Statistical Science}
}

@article{McKinney2021,
  doi = {10.31234/osf.io/2v5bz},
  year = {2021},
  author = {Kaitlan McKinney and Angelika Stefan and Quentin Frederik Gronau},
  title = {Developing Prior Distributions for {Bayesian} Meta-Analyses},
  note = {PsyArXiv preprint}
}

@article{Sutton2001,
  doi = {10.1177/096228020101000404},
  year = {2001},
  volume = {10},
  number = {4},
  pages = {277--303},
  author = {Alex J Sutton and Keith R Abrams},
  title = {{Bayesian} methods in meta-analysis and evidence synthesis},
  journal = {Statistical Methods in Medical Research}
}

@article{Stefan2022,
  doi = {10.31234/osf.io/9sazk},
  year = {2022},
  author = {Angelika Stefan and Quentin Frederik Gronau and Eric-Jan Wagenmakers},
  title = {Interim Design Analysis Using {Bayes} Factor Forecasts},
  note = {PsyArXiv preprint}
}

@book{Matthews2006,
  doi = {10.1201/9781420011302},
  year = {2006},
  publisher = {Chapman and Hall/{CRC}},
  author = {John N.S. Matthews},
  title = {Introduction to Randomized Controlled Clinical Trials},
  address = {New York}
}

@book{Grieve2022,
  title     = {Hybrid frequentist/{Bayesian} power and {Bayesian} power in planning clinical trials},
  author    = {Grieve, Andrew P},
  publisher = {Taylor \& Francis},
  series    = {Chapman \& Hall/CRC Biostatistics Series},
  year      =  {2022},
  address   = {London}
}


@article{Gelman2009,
  doi = {10.1214/09-sts284d},
  year = {2009},
  volume = {24},
  number = {2},
  pages = {176--178},
  author = {Andrew Gelman},
  title = {Bayes,  {Jeffreys},  Prior Distributions and the Philosophy of Statistics},
  journal = {Statistical Science}
}

@article{Dellaportas2012,
  doi = {10.1214/11-sts369},
  year = {2012},
  volume = {27},
  number = {2},
  pages = {232--246},
  author = {Petros Dellaportas and Jonathan J. Forster and Ioannis Ntzoufras},
  title = {Joint Specification of Model Space and Parameter Space Prior Distributions},
  journal = {Statistical Science}
}

@article{Lakens2018,
  doi = {10.1038/s41562-018-0311-x},
  year = {2018},
  volume = {2},
  number = {3},
  pages = {168--171},
  author = {Daniel Lakens and Federico G. Adolfi and Casper J. Albers and Farid Anvari and Matthew A. J. Apps and Shlomo E. Argamon and Thom Baguley and Raymond B. Becker and Stephen D. Benning and others},
  title = {Justify your alpha},
  journal = {Nature Human Behaviour}
}

@article{Kidwell2016,
  doi = {10.1371/journal.pbio.1002456},
  year = {2016},
  volume = {14},
  number = {5},
  pages = {e1002456},
  author = {Mallory C. Kidwell and Ljiljana B. Lazarevi{\'{c}} and Erica Baranski and Tom E. Hardwicke and Sarah Piechowski and Lina-Sophia Falkenberg and Curtis Kennett and Agnieszka Slowik and Carina Sonnleitner and Chelsey Hess-Holden and Timothy M. Errington and Susann Fiedler and Brian A. Nosek},
  editor = {Malcolm R Macleod},
  title = {Badges to Acknowledge Open Practices: A Simple,  Low-Cost,  Effective Method for Increasing Transparency},
  journal = {{PLOS} Biology}
}

@article{Nosek2018,
  doi = {10.1073/pnas.1708274114},
  year = {2018},
  volume = {115},
  number = {11},
  pages = {2600--2606},
  author = {Brian A. Nosek and Charles R. Ebersole and Alexander C. DeHaven and David T. Mellor},
  title = {The preregistration revolution},
  journal = {Proceedings of the National Academy of Sciences}
}

@article{Rawlinson2019,
  doi = {10.1136/bmj.l2301},
  year = {2019},
  volume = {365},
  pages = {l2301},
  author = {Claire Rawlinson and Theodora Bloom},
  title = {New preprint server for medical research},
  journal = {{BMJ}}
}

@Manual{Gehlenborg2019,
    title = {UpSetR: A More Scalable Alternative to Venn and Euler Diagrams for
Visualizing Intersecting Sets},
    author = {Nils Gehlenborg},
    year = {2019},
    note = {R package version 1.4.0},
    url = {https://CRAN.R-project.org/package=UpSetR},
}

@Manual{Wickham2022,
    title = {dplyr: A Grammar of Data Manipulation},
    author = {Hadley Wickham and Romain François and Lionel Henry and Kirill Müller},
    year = {2022},
    note = {R package version 1.0.10},
    url = {https://CRAN.R-project.org/package=dplyr},
}

@Manual{Dahl2019,
    title = {xtable: Export Tables to LaTeX or HTML},
    author = {David B. Dahl and David Scott and Charles Roosen and Arni Magnusson and Jonathan Swinton},
    year = {2019},
    note = {R package version 1.8-4},
    url = {https://CRAN.R-project.org/package=xtable},
}

@Manual{Xie2022,
    title = {knitr: A General-Purpose Package for Dynamic Report Generation in R},
    author = {Yihui Xie},
    year = {2022},
    note = {R package version 1.40},
    url = {https://yihui.org/knitr/},
}

@article{Morris2019,
  doi = {10.1002/sim.8086},
  year = {2019},
  volume = {38},
  number = {11},
  pages = {2074--2102},
  author = {Tim P. Morris and Ian R. White and Michael J. Crowther},
  title = {Using simulation studies to evaluate statistical methods},
  journal = {Statistics in Medicine}
}

@article{Boulesteix2020,
  doi = {10.1111/1740-9713.01444},
  year = {2020},
  volume = {17},
  number = {5},
  pages = {18--21},
  author = {Anne-Laure Boulesteix and Sabine Hoffmann and Alethea Charlton and Heidi Seibold},
  title = {A replication crisis in methodological research?},
  journal = {Significance}
}

@article{Boulesteix2013,
  doi = {10.1371/journal.pone.0061562},
  year = {2013},
  volume = {8},
  number = {4},
  pages = {e61562},
  author = {Anne-Laure Boulesteix and Sabine Lauer and Manuel J. A. Eugster},
  editor = {Mauro Gasparini},
  title = {A Plea for Neutral Comparison Studies in Computational Sciences},
  journal = {{PLoS} {ONE}}
}

@article{Burton2006,
  doi = {10.1002/sim.2673},
  year = {2006},
  volume = {25},
  number = {24},
  pages = {4279--4292},
  author = {Andrea Burton and Douglas G. Altman and Patrick Royston and Roger L. Holder},
  title = {The design of simulation studies in medical statistics},
  journal = {Statistics in Medicine}
}

@article{Hoaglin1975,
  doi = {10.1080/00031305.1975.10477393},
  year = {1975},
  volume = {29},
  number = {3},
  pages = {122--126},
  author = {David C. Hoaglin and David F. Andrews},
  title = {The Reporting of Computation-Based Results in Statistics},
  journal = {The American Statistician}
}

@article{Heinze2022,
  doi = {10.48550/ARXIV.2209.13358},
  author = {Heinze,  Georg and Boulesteix,  Anne-Laure and Kammer,  Michael and Morris,  Tim P. and White,  Ian R.},
  title = {Phases of methodological research in biostatistics -- building the evidence base for new methods},
  publisher = {arXiv},
  year = {2022},
  note = {arXiv preprint}
}

@article{Boulesteix2017,
  doi = {10.1186/s12874-017-0417-2},
  year = {2017},
  volume = {17},
  number = {1},
  author = {Anne-Laure Boulesteix and Rory Wilson and Alexander Hapfelmeier},
  title = {Towards evidence-based computational statistics: lessons from clinical research on the role and design of real-data benchmark studies},
  journal = {{BMC} Medical Research Methodology}
}


@article{Boulesteix2017b,
  doi = {10.1002/bimj.201700129},
  year = {2017},
  volume = {60},
  number = {1},
  pages = {216--218},
  author = {Anne-Laure Boulesteix and Harald Binder and Michal Abrahamowicz and Willi Sauerbrei},
  title = {On the necessity and design of studies comparing statistical methods},
  journal = {Biometrical Journal}
}

@misc{Heldproposal2019,
  author = {Leonhard Held},
  year = {2019},
  title = {Research Plan ``{R}everse-{Bayes} Design and Analysis of Replication Studies''},
  url = {https://data.snf.ch/grants/grant/189295}
}

@Book{Royall1997,
 author = {Royall, Richard},
 title = {Statistical Evidence: A likelihood paradigm},
 publisher = {Chapman \& Hall},
 year = {1997},
 address = {London},
 isbn = {9780412044113}
 }

@article{Casella1987,
  doi = {10.1080/01621459.1987.10478396},
  year = {1987},
  volume = {82},
  number = {397},
  pages = {106--111},
  author = {George Casella and Roger L. Berger},
  title = {Reconciling {Bayesian} and Frequentist Evidence in the One-Sided Testing Problem},
  journal = {Journal of the American Statistical Association}
}

@article{Berger2003,
  doi = {10.1214/ss/1056397485},
  year = {2003},
  volume = {18},
  number = {1},
  author = {James O. Berger},
  title = {Could {Fisher}, {Jeffreys} and {Neyman} Have Agreed on Testing?},
  journal = {Statistical Science}
}

@article{Greenland2019,
  doi = {10.1080/00031305.2018.1529625},
  year = {2019},
  volume = {73},
  number = {sup1},
  pages = {106--114},
  author = {Sander Greenland},
  title = {Valid \textit{P}-Values Behave Exactly as They Should: Some Misleading Criticisms of \textit{P}-Values and Their Resolution With \textit{S}-Values},
  journal = {The American Statistician}
}

@book{Evans2015,
  address = {Boca Raton},
  title = {Measuring statistical evidence using relative belief},
  isbn = {9781482242799},
  publisher = {CRC Press},
  author = {Evans, Michael},
  address= {Boca Raton},
  year = {2015}
  }

@article{Nature2022,
  doi = {10.1038/s41467-022-34748-x},
  author = {{Nature Communications}},
  year = {2022},
  volume = {13},
  number = {1},
  title = {Replication studies hold the key to generalization [Editorial]},
  journal = {Nature Communications}
}

@article{Sondhi2021,
  doi = {10.1186/s12874-021-01432-5},
  year = {2021},
  volume = {21},
  number = {221},
  author = {Arjun Sondhi and Brian Segal and Jeremy Snider and Olivier Humblet and Margaret McCusker},
  title = {Bayesian additional evidence for decision making under small sample uncertainty},
  journal = {{BMC} Medical Research Methodology}
}

@article{Pawel2022d,
  doi = {10.1186/s12874-022-01635-4},
  year = {2022},
  volume = {22},
  number = {149},
  author = {Samuel Pawel and Leonhard Held and Robert Matthews},
  title = {Comment on {\textquotedblleft}{Bayesian} additional evidence for decision making under small sample uncertainty{\textquotedblright}},
  journal = {{BMC} Medical Research Methodology}
}

@article{Altman1995,
  doi = {10.1136/bmj.311.7003.485},
  year = {1995},
  volume = {311},
  number = {7003},
  pages = {485--485},
  author = {D. G Altman and J M. Bland},
  title = {Statistics notes: Absence of evidence is not evidence of absence},
  journal = {{BMJ}}
}

@article{Hedges2019,
  doi = {10.1037/met0000189},
  year = {2019},
  volume = {24},
  number = {5},
  pages = {557--570},
  author = {Larry V. Hedges and Jacob M. Schauer},
  title = {Statistical analyses for studying replication: Meta-analytic perspectives.},
  journal = {Psychological Methods}
}

@article{Pawel2022b,
  doi = {10.1111/rssb.12491},
  year = {2022},
  volume = {84},
  number = {3},
  pages = {879--911},
  author = {Samuel Pawel and Leonhard Held},
  title = {The sceptical {Bayes} factor for the assessment of replication success},
  journal = {Journal of the Royal Statistical Society: Series B (Statistical Methodology)}
}



@article{Anderson2016,
  doi = {10.1037/met0000051},
  year = {2016},
  volume = {21},
  number = {1},
  pages = {1--12},
  author = {Samantha F. Anderson and Scott E. Maxwell},
  title = {There's more than one way to conduct a replication study: Beyond statistical significance},
  journal = {Psychological Methods}
}

@article{Chalmers2014,
  doi = {10.1016/s0140-6736(13)62229-1},
  year = {2014},
  volume = {383},
  number = {9912},
  pages = {156--165},
  author = {Iain Chalmers and Michael B Bracken and Ben Djulbegovic and Silvio Garattini and Jonathan Grant and A Metin G\"{u}lmezoglu and David W Howells and John P A Ioannidis and Sandy Oliver},
  title = {How to increase value and reduce waste when research priorities are set},
  journal = {The Lancet}
}

@article{Glasziou2014,
  doi = {10.1016/s0140-6736(13)62228-x},
  year = {2014},
  volume = {383},
  number = {9913},
  pages = {267--276},
  author = {Paul Glasziou and Douglas G Altman and Patrick Bossuyt and Isabelle Boutron and Mike Clarke and Steven Julious and Susan Michie and David Moher and Elizabeth Wager},
  title = {Reducing waste from incomplete or unusable reports of biomedical research},
  journal = {The Lancet}
}

@article{Glasziou2018,
  doi = {10.1136/bmj.k4645},
  year = {2018},
  volume = {363},
  pages = {k4645},
  author = {Paul Glasziou and Iain Chalmers},
  title = {Research waste is still a scandal{\textemdash}an essay by {Paul Glasziou} and {Iain Chalmers}},
  journal = {{BMJ}}
}

@misc{NSL2018,
  title = {Achieving new insights through replicability and reproducibility},
  url = {https://www.nsf.gov/pubs/2018/nsf18053/nsf18053.jsp},
  year = {2018},
  author = {{NSF}}
}

@misc{NWO2016,
  title = {Make replication studies a normal part of science},
  author = {{NWO}},
  year = {2016},
  url = {https://www.nwo.nl/en/researchprogrammes/replication-studies}
}

@article{Chambers2021,
  doi = {10.1038/s41562-021-01193-7},
  year = {2021},
  volume = {6},
  number = {1},
  pages = {29--42},
  author = {Christopher D. Chambers and Loukia Tzavella},
  title = {The past, present and future of Registered Reports},
  journal = {Nature Human Behaviour}
}

@article{Amrhein2019,
  doi = {10.1080/00031305.2018.1543137},
  year = {2019},
  volume = {73},
  number = {sup1},
  pages = {262--270},
  author = {Valentin Amrhein and David Trafimow and Sander Greenland},
  title = {Inferential Statistics as Descriptive Statistics: There Is No Replication Crisis if We Don't Expect Replication},
  journal = {The American Statistician}
}

@article{Amrhein2019b,
  doi = {10.1038/d41586-019-00857-9},
  year = {2019},
  volume = {567},
  number = {7748},
  pages = {305--307},
  author = {Valentin Amrhein and Sander Greenland and Blake McShane},
  title = {Scientists rise up against statistical significance},
  journal = {Nature}
}

@article{Wicherts2011,
  doi = {10.1038/480007a},
  year = {2011},
  volume = {480},
  number = {7375},
  pages = {7},
  author = {Jelte M. Wicherts},
  title = {Psychology must learn a lesson from fraud case},
  journal = {Nature}
}

@article{Freedman2015,
  doi = {10.1371/journal.pbio.1002165},
  year = {2015},
  volume = {13},
  number = {6},
  pages = {e1002165},
  author = {Leonard P. Freedman and Iain M. Cockburn and Timothy S. Simcoe},
  title = {The Economics of Reproducibility in Preclinical Research},
  journal = {{PLOS} Biology}
}

@article{Wagenmakers2011,
  doi = {10.1037/a0022790},
  year = {2011},
  volume = {100},
  number = {3},
  pages = {426--432},
  author = {Eric-Jan Wagenmakers and Ruud Wetzels and Denny Borsboom and Han L. J. van der Maas},
  title = {Why psychologists must change the way they analyze their data: The case of psi: Comment on {Bem} (2011).},
  journal = {Journal of Personality and Social Psychology}
}

@article{Altman1994,
  doi = {10.1136/bmj.308.6924.283},
  year = {1994},
  volume = {308},
  number = {6924},
  pages = {283--284},
  author = {Douglas G Altman},
  title = {The scandal of poor medical research},
  journal = {{BMJ}}
}

@article{spiegel2015,
  author = {Spiegel?},
  title = {{Ergebnisse vieler Studien erweisen sich als unhaltbar}},
  journal = {Spiegel},
  date = {2015-08-28},
  year = {2015},
  url = {https://www.spiegel.de/wissenschaft/mensch/psychologie-ergebnisse-hunderter-studien-nicht-wiederholbar-a-1050202.html},
  urldate = {2022-10-14}
}

@article{Devlin2018,
  author = {Hannah Devlin},
  title = {Attempt to replicate major social scientific findings of past decade fails},
  journal = {The Guardian},
  date = {2018-08-27},
  year = {2018},
  url = {https://www.theguardian.com/science/2018/aug/27/attempt-to-replicate-major-social-scientific-findings-of-past-decade-fails},
  urldate = {2022-10-14}
}

@article{Achenbach2017,
  author = {Joel Achenbach and Laurie McGinley},
  title = {Researchers struggle to replicate 5 influential cancer experiments from top labs},
  journal = {The Washington Post},
  date = {2017-01-18},
  year = {2017},
  url = {https://www.washingtonpost.com/news/speaking-of-science/wp/2017/01/18/researchers-struggle-to-replicate-5-influential-cancer-experiments-from-top-labs/},
  urldate = {2022-10-14}
}

@article{Kovic2016,
  author = {Marko Kovic},
  title = {{Die Wissenschaft in der Replikationskrise}},
  journal = {Neue Zürcher Zeitung},
  date = {2016-06-03},
  year = {2016},
  url = {https://www.nzz.ch/wissenschaft/physik/fallstricke-der-statistik-die-wissenschaft-in-der-replikationskrise-ld.86330},
  urldate = {2022-10-14}
}

@article{Carey2015,
  author = {Benedict Carey},
  title = {Many Psychology Findings Not as Strong as Claimed, Study Says},
  journal = {The New York Times},
  date = {2015-08-27},
  year = {2015},
  url = {https://www.nytimes.com/2015/08/28/science/many-social-science-findings-not-as-strong-as-claimed-study-says.html},
  urldate = {2022-10-14}
}

@book{Abramowitz1964,
  address = {New York},
  editor = {Abramowitz, Milton and Stegun, Irene A.},
  publisher = {Dover Publications, Inc.},
  title = {Handbook of Mathematical Functions with Formulas, Graphs and Mathematical Tables},
  year = 1965
}

@article{Schmidli2014,
  doi = {10.1111/biom.12242},
  year = {2014},
  volume = {70},
  number = {4},
  pages = {1023--1032},
  author = {Heinz Schmidli and Sandro Gsteiger and Satrajit Roychoudhury and Anthony O{\textquotesingle}Hagan and David Spiegelhalter and Beat Neuenschwander},
  title = {Robust meta-analytic-predictive priors in clinical trials with historical control information},
  journal = {Biometrics}
}

@article{Gravestock2018,
  doi = {10.1002/bimj.201700246},
  year = {2018},
  volume = {61},
  number = {5},
  pages = {1201--1218},
  author = {Isaac Gravestock and Leonhard Held},
  title = {Power priors based on multiple historical studies for binary outcomes},
  journal = {Biometrical Journal}
}

@article{Duan2005,
  doi = {10.1002/env.752},
  year = {2005},
  publisher = {Wiley},
  volume = {17},
  number = {1},
  pages = {95--106},
  author = {Yuyan Duan and Keying Ye and Eric P. Smith},
  title = {Evaluating water quality using power priors to incorporate historical information},
  journal = {Environmetrics}
}

@article{Neuenschwander2009,
  doi = {10.1002/sim.3722},
  year = {2009},
  volume = {28},
  number = {28},
  pages = {3562--3566},
  author = {Beat Neuenschwander and Michael Branson and David J. Spiegelhalter},
  title = {A note on the power prior},
  journal = {Statistics in Medicine}
}

@article{Daniels1999,
  doi = {10.2307/3316112},
  year = {1999},
  volume = {27},
  number = {3},
  pages = {567--578},
  author = {Michael J. Daniels},
  title = {A prior for the variance in hierarchical models},
  journal = {Canadian Journal of Statistics}
}

@article{Higgins2002,
  doi = {10.1002/sim.1186},
  year = {2002},
  volume = {21},
  number = {11},
  pages = {1539--1558},
  author = {Julian P. T. Higgins and Simon G. Thompson},
  title = {Quantifying heterogeneity in a meta-analysis},
  journal = {Statistics in Medicine}
}

@book{Gelman2013,
  doi = {10.1201/b16018},
  year = {2013},
  address = {New York},
  publisher = {Chapman and Hall/{CRC}},
  author = {Andrew Gelman and John B. Carlin and Hal S. Stern and David B. Dunson and Aki Vehtari and Donald B. Rubin},
  title = {Bayesian Data Analysis}
}

@article{Kass1995b,
  doi = {10.1080/01621459.1995.10476592},
  year = {1995},
  volume = {90},
  number = {431},
  pages = {928--934},
  author = {Robert E. Kass and Larry Wasserman},
  title = {A Reference {Bayesian} Test for Nested Hypotheses and its Relationship to the {Schwarz} Criterion},
  journal = {Journal of the American Statistical Association}
}

@article{Chen2006,
  doi = {10.1214/06-ba118},
  year = {2006},
  volume = {1},
  number = {3},
  author = {Ming-Hui Chen and Joseph G. Ibrahim},
  title = {The relationship between the power prior and hierarchical models},
  journal = {Bayesian Analysis}
}

@article{Gravestock2017,
  doi = {10.1002/pst.1814},
  year = {2017},
  volume = {16},
  number = {5},
  pages = {349--360},
  author = {Isaac Gravestock and Leonhard Held},
  title = {Adaptive power priors with empirical {Bayes} for clinical trials},
  journal = {Pharmaceutical Statistics}
}

@article{Ibrahim2015,
  doi = {10.1002/sim.6728},
  year = {2015},
  volume = {34},
  number = {28},
  pages = {3724--3749},
  author = {Joseph G. Ibrahim and Ming-Hui Chen and Yeongjin Gwon and Fang Chen},
  title = {The power prior: theory and applications},
  journal = {Statistics in Medicine}
}

@Book{Cochran1977,
 author = {Cochran, William},
 title = {Sampling Techniques, 3rd ed.},
 publisher = {Wiley},
 year = {1977},
 address = {New York},
 isbn = {978-0-471-16240-7}
 }

@article{Raudenbush2000,
  doi = {10.1037/1082-989x.5.2.199},
  year = {2000},
  volume = {5},
  number = {2},
  pages = {199--213},
  author = {Stephen W. Raudenbush and Xiaofeng Liu},
  title = {Statistical power and optimal design for multisite randomized trials},
  journal = {Psychological Methods}
}

@article{Errington2021,
  doi = {10.7554/elife.71601},
  year = {2021},
  volume = {10},
  pages = {e71601},
  author = {Timothy M Errington and Maya Mathur and Courtney K Soderberg and Alexandria Denis and Nicole Perfito and Elizabeth Iorns and Brian A Nosek},
  title = {Investigating the replicability of preclinical cancer biology},
  journal = {{eLife}}
}

@article{Bretz2009,
  doi = {10.1002/sim.3538},
  year = {2009},
  volume = {28},
  number = {8},
  pages = {1181--1217},
  author = {Frank Bretz and Franz Koenig and Werner Brannath and Ekkehard Glimm and Martin Posch},
  title = {Adaptive designs for confirmatory clinical trials},
  journal = {Statistics in Medicine}
}

@book{Schmidt2015,
  doi = {10.4135/9781483398105},
  year = {2015},
  publisher = {{SAGE} Publications,  Ltd},
  address = {London},
  author = {Frank L. Schmidt and John E. Hunter},
  title = {Methods of Meta-Analysis: Correcting Error and Bias in Research Findings}
}

@article{Love2019,
  doi = {10.18637/jss.v088.i02},
  year = {2019},
  volume = {88},
  number = {2},
  author = {Jonathon Love and Ravi Selker and Maarten Marsman and Tahira Jamil and Damian Dropmann and Josine Verhagen and Alexander Ly and Quentin F. Gronau and Martin Sm{\'{\i}}ra and Sacha Epskamp and Dora Matzke and Anneliese Wild and Patrick Knight and Jeffrey N. Rouder and Richard D. Morey and Eric-Jan Wagenmakers},
  title = {{JASP}: Graphical Statistical Software for Common Statistical Designs},
  journal = {Journal of Statistical Software}
}

@article{Held2020c,
  doi = {10.1080/19466315.2020.1828161},
  year = {2020},
  volume = {13},
  number = {1},
  pages = {46--48},
  author = {Leonhard Held and Samuel Pawel},
  title = {Comment on {\textquotedblleft}The Role of \textit{p}-Values in Judging the Strength of Evidence and Realistic Replication Expectations{\textquotedblright}},
  journal = {Statistics in Biopharmaceutical Research}
}

@incollection{Deeks2019,
author = {Deeks, Jonathan J and Higgins, Julian PT and Altman, Douglas G},
publisher = {John Wiley \& Sons, Ltd},
isbn = {9781119536604},
title = {Analysing data and undertaking meta-analyses},
booktitle = {Cochrane Handbook for Systematic Reviews of Interventions},
chapter = {10},
pages = {241-284},
doi = {10.1002/9781119536604.ch10},
address = {Chichester},
year = {2019}
}


@Article{Pawel2020b,
  doi = {10.1111/rssb.12491},
  year = {2022},
  volume = {84},
  number = {3},
  pages = {879--911},
  author = {Samuel Pawel and Leonhard Held},
  title = {The sceptical {Bayes} factor for the assessment of replication success},
  journal = {Journal of the Royal Statistical Society: Series B (Statistical Methodology)}
}

@incollection{Stein1956,
  doi = {10.1525/9780520313880-018},
  year = {1956},
  publisher = {University of California Press},
  pages = {197--206},
  author = {Charles Stein},
  title = {inadmissibility of the usual estimator for the mean of a multivariate normal distribution},
  booktitle = {Contribution to the Theory of Statistics}
}

@article{vanZwet2021,
  doi = {10.1002/sim.9173},
  year = {2021},
  volume = {40},
  number = {27},
  pages = {6107--6117},
  author = {Erik Zwet and Simon Schwab and Stephen Senn},
  title = {The statistical properties of {RCTs} and a proposal for shrinkage},
  journal = {Statistics in Medicine}
}

@article{OlssonCollentine2020,
  doi = {10.1037/bul0000294},
  year = {2020},
  volume = {146},
  number = {10},
  pages = {922--940},
  author = {Anton Olsson-Collentine and Jelte M. Wicherts and Marcel A. L. M. van Assen},
  title = {Heterogeneity in direct replications in psychology and its association with effect size},
  journal = {Psychological Bulletin}
}

@article{Voelkl2018,
  doi = {10.1371/journal.pbio.2003693},
  year = {2018},
  volume = {16},
  number = {2},
  pages = {e2003693},
  author = {Bernhard Voelkl and Lucile Vogt and Emily S. Sena and Hanno W\"{u}rbel},
  editor = {Eric-Jan Wagenmakers},
  title = {Reproducibility of preclinical animal research improves with heterogeneity of study samples},
  journal = {{PLOS} Biology}
}

@article{Higgins2020,
  doi = {10.1080/00031305.2020.1829047},
  year = {2020},
  pages = {1--9},
  author = {James J. Higgins and Michael J. Higgins and Jinguang Lin},
  title = {From One Environment to Many: The Problem of Replicability of Statistical Inferences},
  journal = {The American Statistician}
}

@article{Rover2021,
  doi = {10.1002/jrsm.1475},
  year = {2021},
  volume = {12},
  number = {4},
  pages = {448--474},
  author = {Christian R\"{o}ver and Ralf Bender and Sofia Dias and Christopher H. Schmid and Heinz Schmidli and Sibylle Sturtz and Sebastian Weber and Tim Friede},
  title = {On weakly informative prior distributions for the heterogeneity parameter in {Bayesian} random-effects meta-analysis},
  journal = {Research Synthesis Methods}
}

@article{Protzko2020,
  doi = {10.31234/osf.io/n2a9x},
  year = {2020},
  publisher = {Center for Open Science},
  author = {John Protzko and Jon Krosnick and Leif D. Nelson and Brian A. Nosek and Jordan Axt and Matthew Berent and Nick Buttrick and Matthew DeBell and Charles R. Ebersole and Sebastian Lundmark and Bo MacInnis and Michael O{\textquotesingle}Donnell and Hannah Perfecto and James E Pustejovsky and Scott S. Roeder and Jan Walleczek and Jonathan Schooler},
  title = {High Replicability of Newly-Discovered Social-behavioral Findings is Achievable},
  note = {PsyArXiv preprint}
}

@article{Burkner2017,
  doi = {10.18637/jss.v080.i01},
  year = {2017},
  volume = {80},
  number = {1},
  author = {Paul-Christian B\"{u}rkner},
  title = {{brms}: An {R} Package for {Bayesian} Multilevel Models Using Stan},
  journal = {Journal of Statistical Software}
}

@article{OHagan2001b,
  doi = {10.1177/02729890122062514},
  year = {2001},
  volume = {21},
  number = {3},
  pages = {219--230},
  author = {A. O{\textquotesingle}Hagan and J.W. Stevens},
  title = {Bayesian Assessment of Sample Size for Clinical Trials of Cost-Effectiveness},
  journal = {Medical Decision Making}
}

@article{OHagan2019,
  doi = {10.1080/00031305.2018.1518265},
  year = {2019},
  volume = {73},
  number = {sup1},
  pages = {69--81},
  author = {Anthony O'Hagan},
  title = {Expert Knowledge Elicitation: Subjective but Scientific},
  journal = {The American Statistician}
}

@Manual{Adler2015,
    title   = {lamW: Lambert-W Function},
    author  = {Avraham Adler},
    year    = {2015},
    url     = {https://CRAN.R-project.org/package=lamW},
    note    = {R package version 1.3.3},
  }

@Article{Aird2017,
  doi       = {10.7554/elife.21253},
  year      = {2017},
  publisher = {{eLife} Sciences Publications,  Ltd},
  volume    = {6},
  author    = {Fraser Aird and Irawati Kandela and Christine Mantis},
  title     = {Replication Study: {BET} bromodomain inhibition as a therapeutic strategy to target c-Myc},
journal     = {{eLife}}
}

@article{Altham1969,
  doi = {10.1111/j.2517-6161.1969.tb00786.x},
  year = {1969},
  volume = {31},
  number = {2},
  pages = {261--269},
  author = {Patricia M. E. Altham},
  title = {Exact {Bayesian} Analysis of a 2 $\times$ 2 Contingency Table,  and {Fisher's} ``Exact'' Significance Test},
  journal = {Journal of the Royal Statistical Society: Series B (Statistical Methodology)}
}

@Article{Altmejd2019,
  doi       = {10.1371/journal.pone.0225826},
  year      = {2019},
  volume    = {14},
  number    = {12},
  pages     = {e0225826},
  author    = {Adam Altmejd and Anna Dreber and Eskil Forsell and Juergen Huber and Taisuke Imai and Magnus Johannesson and Michael Kirchler and Gideon Nave and Colin Camerer},
  title     = {Predicting the replicability of social science lab experiments},
  journal   = {{PLOS} {ONE}}
}

@Article{Anderson2017,
  doi       = {10.1080/00273171.2017.1289361},
  year      = {2017},
  volume    = {52},
  number    = {3},
  pages     = {305--324},
  author    = {Samantha F. Anderson and Scott E. Maxwell},
  title     = {Addressing the ``replication crisis'': Using original studies to design replication studies with appropriate statistical power},
  journal   = {Multivariate Behavioral Research}
}

@article{Balafoutas2012,
  doi = {10.1126/science.1211180},
  year = {2012},
  volume = {335},
  number = {6068},
  pages = {579--582},
  author = {L. Balafoutas and M. Sutter},
  title = {Affirmative Action Policies Promote Women and Do Not Harm Efficiency in the Laboratory},
  journal = {Science}
}

@Article{Bayarri2002,
  author    = {Bayarri, M. J. and Mayoral, A. M.},
  year      = {2002},
  title     = {{Bayesian} design of ``successful'' replications},
  journal   = {The American Statistician},
  volume    = {56},
  number     = {3},
  pages     = {207--214},
  doi       = {10.1198/000313002155}
}

@Article{Bayarri1999,
  year      = {1999},
  volume    = {93},
  number    = {3},
  pages     = {281--293},
  author    = {M.J. Bayarri and A.M. Mayoral},
  title     = {Graphical models for hierarchical computations in the analysis and design of replications},
  journal   = {Revista de la Real Academia de las Ciencias Exactas, Fisicas y Naturales}
}

@Article{Bayarri2002b,
  doi       = {10.1016/s0378-3758(01)00223-3},
  year      = {2002},
  publisher = {Elsevier {BV}},
  volume    = {103},
  number    = {1-2},
  pages     = {225--243},
  author    = {M.J. Bayarri and A.M. Mayoral},
  title     = {{Bayesian} analysis and design for comparison of effect-sizes},
  journal   = {Journal of Statistical Planning and Inference}
}

@article{Bayarri2012,
  doi       = {10.1214/12-aos1013},
  year      = {2012},
  volume    = {40},
  number    = {3},
  pages     = {1550--1577},
  author    = {M. J. Bayarri and J. O. Berger and A. Forte and G. Garc{\'{\i}}a-Donato},
  title     = {Criteria for {Bayesian} model choice with application to variable selection},
  journal   = {The Annals of Statistics}
}

@article{Begley2015,
  doi       = {10.1161/circresaha.114.303819},
  year      = {2015},
  volume    = {116},
  number    = {1},
  pages     = {116--126},
  author    = {C. Glenn Begley and John P.A. Ioannidis},
  title     = {Reproducibility in science},
  journal   = {Circulation Research}
}

@article{Begley2012,
  doi = {10.1038/483531a},
  year = {2012},
  volume = {483},
  number = {7391},
  pages = {531--533},
  author = {C. Glenn Begley and Lee M. Ellis},
  title = {Raise standards for preclinical cancer research},
  journal = {Nature}
}

@Article{Benjamin2017,
  title = {Redefine statistical significance},
  journal = {Nature Human Behaviour},
  author = {Daniel J. Benjamin and James O. Berger and Magnus Johannesson and Brian A. Nosek and E.-J. Wagenmakers and Richard Berk and Kenneth A. Bollen and Bj\"{o}rn Brembs and Lawrence Brown and others},
  doi = {10.1038/s41562-017-0189-z},
  year = {2017},
  publisher = {Springer Nature},
  volume = {2},
  number = {1},
  pages = {6--10}
}

@Article{Berger1987,
  doi       = {10.2307/2289131},
  year      = {1987},
  publisher = {{JSTOR}},
  volume    = {82},
  number    = {397},
  pages     = {112},
  author    = {James O. Berger and Thomas Sellke},
  title     = {Testing a Point Null Hypothesis: The Irreconcilability of {$P$} Values and Evidence},
  journal   = {Journal of the American Statistical Association}
}

@article{Berger2001,
  doi = {10.1016/s0378-3758(00)00235-4},
  year = {2001},
  volume = {94},
  number = {1},
  pages = {65--67},
  author = {James Berger},
  title = {Discussion of ``{Why} should clinicians care about {Bayesian} methods?'' by {Robert A.J. Matthews}},
  journal = {Journal of Statistical Planning and Inference}
}

@Book{Bernardo2000,
  author    = {Bernardo, J. M. and Smith, A. F. M.},
  title     = {{Bayesian} Theory},
  year      = {2000},
  doi       = {10.1002/9780470316870},
  address = {Hoboken},
  publisher = {John Wiley {\&} Sons}
}


@Article{Box1980,
  author    = {Box, G. E. P.},
  title     = {Sampling and {Bayes}' inference in scientific modelling and robustness (with discussion)},
  journal   = {Journal of the Royal Statistical Society: Series A (General)},
  year      = {1980},
  volume    = {143},
  number = {4},
  pages     = {383--430},
  doi = {10.2307/2982063}
}

@article{Carlin1992,
  doi = {10.1002/sim.4780110202},
  year = {1992},
  volume = {11},
  number = {2},
  pages = {141--158},
  author = {John B. Carlin},
  title = {Meta-analysis for 2 {\texttimes} 2 tables: A {Bayesian} approach},
  journal = {Statistics in Medicine}
}

@incollection{Carlin1996,
  author       = {Carlin, B. P. and Louis, T. A.},
  title        = {Identifying Prior Distributions That Produce Specific Decisions, With Application to Monitoring Clinical Trials},
  booktitle    = {Bayesian Analysis in Statistics and Econometrics: Essays in Honor of Arnold Zellner },
  publisher    = {Wiley},
  year         = {1996},
  editor       = {Berry, D. and Chaloner, K. and Geweke, J.},
  pages        = {493--503},
  address      = {New York}
}

@Misc{Consonni2019,
  author    = {Consonni, G.},
  title     = {Sufficiently skeptical intrinsic priors for the analysis of replication studies},
  year      = {2019},
  note     = {Unpublished notes}
}

@Misc{Consonni2021,
  author    = {Consonni, G. and {La Rocca}, L.},
  title     = {The Sceptic and the Advocate: comparing two opinions on the mean of a normal distribution},
  year      = {2021},
  note     = {Unpublished notes}
}

@Article{Cohen1992,
  doi = {10.1037/0033-2909.112.1.155},
  author    = {Cohen, J.},
  journal   = {Psychological Bulletin},
  title     = {A power primer},
  year      = {1992},
  volume    = {112},
  number    = {1},
  pages     = {155--159}
}

@Article{Cova2018,
  doi       = {10.1007/s13164-018-0400-9},
  year      = {2018},
  volume = {12},
  number = {1},
  pages = {9--44},
  publisher = {Springer Science and Business Media {LLC}},
  authorfull    = {Florian Cova and Brent Strickland and Angela Abatista and Aur{\'{e}}lien Allard and James Andow and Mario Attie and James Beebe and Renatas Berni{\={u}}nas and Jordane Boudesseul and Matteo Colombo and Fiery Cushman and Rodrigo Diaz and Noah N'Djaye Nikolai van Dongen and Vilius Dranseika and Brian D. Earp and Antonio Gait{\'{a}}n Torres and Ivar Hannikainen and Jos{\'{e}} V. Hern{\'{a}}ndez-Conde and Wenjia Hu and Fran{\c{c}}ois Jaquet and Kareem Khalifa and Hanna Kim and Markus Kneer and Joshua Knobe and Miklos Kurthy and Anthony Lantian and Shen-yi Liao and Edouard Machery and Tania Moerenhout and Christian Mott and Mark Phelan and Jonathan Phillips and Navin Rambharose and Kevin Reuter and Felipe Romero and Paulo Sousa and Jan Sprenger and Emile Thalabard and Kevin Tobia and Hugo Viciana and Daniel Wilkenfeld and Xiang Zhou},
  author    = {Florian Cova and Brent Strickland and Angela Abatista and Aur{\'{e}}lien Allard and James Andow and Mario Attie and James Beebe and Renatas Berni{\={u}}nas and Jordane Boudesseul and Matteo Colombo and others},
  title   = {Estimating the Reproducibility of Experimental Philosophy},
  journal = {Review of Philosophy and Psychology}
}

@Article{Camerer2016,
  author    = {C. F. Camerer and A. Dreber and E. Forsell and T. Ho and J. Huber and M. Johannesson and M. Kirchler and J. Almenberg and A. Altmejd and others},
  authorfull    = {C. F. Camerer and A. Dreber and E. Forsell and T. Ho and J. Huber and M. Johannesson and M. Kirchler and J. Almenberg and A. Altmejd and T. Chan and E. Heikensten and F. Holzmeister and T. Imai and S. Isaksson and G. Nave and T. Pfeiffer and M. Razen and H. Wu},
  title     = {Evaluating replicability of laboratory experiments in economics},
  journal   = {Science},
  year      = {2016},
  volume    = {351},
  number     = {6280},
  pages     = {1433--1436},
  doi       = {10.1126/science.aaf0918}
}

@Article{Camerer2018,
  authorfull    = {C. F. Camerer and A. Dreber and F. Holzmeister and T. Ho and J. Huber and M. Johannesson and M. Kirchler and G. Nave and B. Nosek and T. Pfeiffer and A. Altmejd and N. Buttrick and T. Chan and Y. Chen and E. Forsell and A. Gampa and E. Heikenstein and L. Hummer and T. Imai and S. Isaksson and D. Manfredi and J. Rose and E. Wagenmakers and H. Wu},
  author    = {C. F. Camerer and A. Dreber and F. Holzmeister and T. Ho and J. Huber and M. Johannesson and M. Kirchler and G. Nave and B. Nosek and others},
  title     = {Evaluating the replicability of social science experiments in {Nature} and {Science} between 2010 and 2015},
  journal   = {Nature Human Behavior},
  year      = {2018},
  volume    = {2},
  number = {9},
  pages     = {637--644},
  doi       = {10.1038/s41562-018-0399-z}
}

@Article{Cohen1994,
  author    = {Jacob Cohen},
  title     = {The earth is round ($p < .05$)},
  journal   = {American Psychologist},
  year      = {1994},
  volume    = {49},
  number    = {12},
  pages     = {997--1003}
}

@Article{Colquhoun2017,
  author    = {Colquhoun, D.},
  title     = {The reproducibility of research and the misinterpretation of $p$-values},
  year      = {2017},
  journal   = {Royal Society Open Science},
  volume    = {4},
  number    = {12},
  pages = {171085},
  doi       = {10.1098/rsos.171085}
}

@article{Corless1996,
  doi       = {10.1007/bf02124750},
  year      = {1996},
  volume    = {5},
  number    = {1},
  pages     = {329--359},
  author    = {R. M. Corless and G. H. Gonnet and D. E. G. Hare and D. J. Jeffrey and D. E. Knuth},
  title     = {On the {Lambert W} function},
  journal   = {Advances in Computational Mathematics}
}

@Book{Cooper2009,
  author    = {Cooper, H. and Hedges, V. and Valentine, J. C.},
  title     = {The Handbook of Research Synthesis and Meta-Analysis},
  year      = {2009},
  address = {New York},
  publisher = {Russel Sage Foundation}
}

@book{Cooper2019,
  doi = {10.7758/9781610448864},
  year = {2019},
  month = jun,
  publisher = {Russell Sage Foundation},
  editor = {Harris Cooper and Larry V. Hedges and Jeffrey C. Valentine},
  edition = {third},
  address = {New York},
  title = {The Handbook of Research Synthesis and Meta-Analysis}
}

@Article{Copas1983,
  author    = {J. B. Copas},
  title     = {Regression, prediction and shrinkage (with discussion)},
  journal   = {Journal of the Royal Statistical Society},
  year      = {1983},
  volume    = {45},
  number     = {3},
  pages     = {311--354},
  doi       = {10.1111/j.2517-6161.1983.tb01258.x}
}

@Article{Copas1997,
  author    = {J. B. Copas},
  title     = {Using regression models for prediction: shrinkage and regression to the mean},
  journal   = {Statistical Methods in Medical Research},
  year      = {1997},
  volume    = {6},
  pages     = {167--183},
  doi       = {10.1177/096228029700600206}
}

@Article{Cox1958,
  doi       = {10.2307/2333203},
  year      = {1958},
  volume    = {45},
  number    = {3/4},
  pages     = {562--565},
  author    = {D. R. Cox},
  title     = {Two further applications of a model for binary regression},
  journal   = {Biometrika}
}

@article{Dawid1982,
  doi = {10.1080/01621459.1982.10477856},
  year = {1982},
  volume = {77},
  number = {379},
  pages = {605--610},
  author = {A. P. Dawid},
  title = {The Well-Calibrated {Bayesian}},
  journal = {Journal of the American Statistical Association}
}

@Article{Derex2013,
  doi       = {10.1038/nature12774},
  year      = {2013},
  publisher = {Springer Science and Business Media {LLC}},
  volume    = {503},
  number    = {7476},
  pages     = {389--391},
  author    = {Maxime Derex and Marie-Pauline Beugin and Bernard Godelle and Michel Raymond},
  title     = {Experimental evidence for the influence of group size on cultural complexity},
  journal   = {Nature}
}

@Article{DeSantis2004,
  doi       = {10.1016/s0378-3758(03)00198-8},
  year      = {2004},
  volume    = {124},
  number    = {1},
  pages     = {121--144},
  author    = {De Santis, Fulvio},
  title     = {Statistical evidence and sample size determination for {Bayesian} hypothesis testing},
  journal   = {Journal of Statistical Planning and Inference}
}

@Article{Delmore2011,
  doi       = {10.1016/j.cell.2011.08.017},
  year      = {2011},
  publisher = {Elsevier {BV}},
  volume    = {146},
  number    = {6},
  pages     = {904--917},
  authorfull    = {Jake~E. Delmore and Ghayas~C. Issa and Madeleine~E. Lemieux and Peter~B. Rahl and Junwei Shi and Hannah~M. Jacobs and Efstathios Kastritis and Timothy Gilpatrick and Ronald~M. Paranal and Jun Qi and Marta Chesi and Anna~C. Schinzel and Michael~R. McKeown and Timothy~P. Heffernan and Christopher~R. Vakoc and P.~Leif Bergsagel and Irene~M. Ghobrial and Paul~G. Richardson and Richard~A. Young and William~C. Hahn and Kenneth~C. Anderson and Andrew~L. Kung and James~E. Bradner and Constantine~S. Mitsiades},
  author    = {Jake~E. Delmore and Ghayas~C. Issa and Madeleine~E. Lemieux and Peter~B. Rahl and Junwei Shi and Hannah~M. Jacobs and Efstathios Kastritis and Timothy Gilpatrick and Ronald~M. Paranal and others},
  title     = {{BET} Bromodomain Inhibition as~a Therapeutic Strategy to Target c-Myc},
  journal   = {Cell}
}

@Article{Duncan2012,
  doi       = {10.1126/science.1221936},
  year      = {2012},
  publisher = {American Association for the Advancement of Science ({AAAS})},
  volume    = {337},
  number    = {6093},
  pages     = {485--487},
  author    = {K. Duncan and A. Sadanand and L. Davachi},
  title     = {Memory{\textquotesingle}s Penumbra: Episodic Memory Decisions Induce Lingering Mnemonic Biases},
  journal   = {Science}
}


@Article{Dwan2013,
  doi       = {10.1371/journal.pone.0066844},
  year      = {2013},
  volume    = {8},
  number    = {7},
  pages     = {e66844},
  author    = {Kerry Dwan and Carrol Gamble and Paula R. Williamson and Jamie J. Kirkham and},
  title     = {Systematic review of the empirical evidence of study publication bias and outcome reporting bias {\textemdash} an updated review},
  journal   = {{PLoS} {ONE}}
}

@Article{Dreber2015,
  author    = {Dreber, A. and Pfeiffer, T. and Almenberg, Isaksson, S. and J. and Wilson, B. and Chen, Y. and Nosek, B. A. and Johannesson, M.},
  title     = {Using prediction markets to estimate the reproducibility of scientific research},
  journal   = {PNAS},
  year      = {2015},
  volume    = {112},
  number     = {50},
  pages     = {15343--15347},
  doi       = {10.1073/pnas.1516179112}
}

@article{Ebersole2016,
  doi = {10.1016/j.jesp.2015.10.012},
  year = {2016},
  volume = {67},
  pages = {68--82},
  authorfull = {Charles R. Ebersole and Olivia E. Atherton and Aimee L. Belanger and Hayley M. Skulborstad and Jill M. Allen and Jonathan B. Banks and Erica Baranski and Michael J. Bernstein and Diane B.V. Bonfiglio and Leanne Boucher and Elizabeth R. Brown and Nancy I. Budiman and Athena H. Cairo and Colin A. Capaldi and Christopher R. Chartier and Joanne M. Chung and David C. Cicero and Jennifer A. Coleman and John G. Conway and William E. Davis and Thierry Devos and Melody M. Fletcher and Komi German and Jon E. Grahe and Anthony D. Hermann and Joshua A. Hicks and Nathan Honeycutt and Brandon Humphrey and Matthew Janus and David J. Johnson and Jennifer A. Joy-Gaba and Hannah Juzeler and Ashley Keres and Diana Kinney and Jacqeline Kirshenbaum and Richard A. Klein and Richard E. Lucas and Christopher J.N. Lustgraaf and Daniel Martin and Madhavi Menon and Mitchell Metzger and Jaclyn M. Moloney and Patrick J. Morse and Radmila Prislin and Timothy Razza and Daniel E. Re and Nicholas O. Rule and Donald F. Sacco and Kyle Sauerberger and Emily Shrider and Megan Shultz and Courtney Siemsen and Karin Sobocko and R. Weylin Sternglanz and Amy Summerville and Konstantin O. Tskhay and Zack van Allen and Leigh Ann Vaughn and Ryan J. Walker and Ashley Weinberg and John Paul Wilson and James H. Wirth and Jessica Wortman and Brian A. Nosek},
  author = {Charles R. Ebersole and Olivia E. Atherton and Aimee L. Belanger and Hayley M. Skulborstad and Jill M. Allen and Jonathan B. Banks and Erica Baranski and Michael J. Bernstein and Diane B.V. Bonfiglio and Leanne Boucher and others},
  title = {Many labs 3: Evaluating participant pool quality across the academic semester via replication},
  journal = {Journal of Experimental Social Psychology}
}

@article{Etz2016,
  doi = {10.1371/journal.pone.0149794},
  year = {2016},
  publisher = {Public Library of Science ({PLoS})},
  volume = {11},
  number = {2},
  pages = {e0149794},
  author = {Alexander Etz and Joachim Vandekerckhove},
  title = {A {Bayesian} Perspective on the Reproducibility Project: Psychology},
  journal = {{PLOS} {ONE}}
}

@article{Evans2006,
  doi = {10.1214/06-ba129},
  year = {2006},
  volume = {1},
  number = {4},
  pages = {893--914},
  author = {Michael Evans and Hadas Moshonov},
  title = {Checking for prior-data conflict},
  journal = {Bayesian Analysis}
}

@Article{Edwards1963,
  doi       = {10.1037/h0044139},
  year      = {1963},
  publisher = {American Psychological Association ({APA})},
  volume    = {70},
  number    = {3},
  pages     = {193--242},
  author    = {Ward Edwards and Harold Lindman and Leonard J. Savage},
  title     = {{Bayesian} statistical inference for psychological research.},
  journal   = {Psychological Review}
}

@Article{Errington2014,
  doi       = {10.7554/elife.04333},
  year      = {2014},
  publisher = {{eLife} Sciences Publications,  Ltd},
  volume    = {3},
  pages = {e04333},
  author    = {Timothy M Errington and Elizabeth Iorns and William Gunn and Fraser Elisabeth Tan and Joelle Lomax and Brian A Nosek},
  title     = {An open investigation of the reproducibility of cancer biology research},
  journal   = {{eLife}}
}

@Article{Fanelli2009,
  doi       = {10.1371/journal.pone.0005738},
  year      = {2009},
  month     = may,
  volume    = {4},
  number    = {5},
  pages     = {e5738},
  author    = {Daniele Fanelli},
  title     = {How many scientists fabricate and falsify research? {A} systematic review and meta-analysis of survey data},
  journal   = {{PLoS} {ONE}}
}

@Book{Fahrmeir2013,
  title     = {Regression: Models, Methods and Applications},
  author    = {Fahrmeir, L. and Kneib, Th. and Lang, S. and Marx, B.},
  publisher = {Springer},
  year      = {2013}
}

@Article{Fisher1921,
  author    = {Fisher, R. A.},
  title     = {On the probable error of a coefficient of correlation deduced from a small sample},
  journal   = {Metron},
  year      = {1921},
  volume    = {1},
  pages     = {3--32}
}

@Article{Funder2019,
  doi       = {10.1177/2515245919847202},
  year      = {2019},
  publisher = {{SAGE} Publications},
  volume    = {2},
  number    = {2},
  pages     = {156--168},
  author    = {David C. Funder and Daniel J. Ozer},
  title     = {Evaluating effect size in psychological research: Sense and nonsense},
  journal   = {Advances in Methods and Practices in Psychological Science}
}

@Article{Gilbert2016,
  author    = {Gilbert, D. T. and King, G. and Pettigrew, S. and Wilson, T. D.},
  title     = {Comment on ``{E}stimating the reproducibility of psychological science''},
  journal   = {Science},
  year      = {2016},
  volume    = {351},
  number    = {6277},
  pages     = {1037--1040},
  doi       = {10.1126/science.aad7243}
}

@Article{Gelman2014,
  author    = {Gelman, Andrew and Loken, Eric},
  title     = {The statistical crisis in science},
  journal   = {American Scientist},
  year      = {2014},
  volume    = {102},
  pages     = {460--465},
  number    = {6},
  doi       = {10.1511/2014.111.460}
}

@article{Gneezy2014,
  doi = {10.1126/science.1253932},
  year = {2014},
  volume = {346},
  number = {6209},
  pages = {632--635},
  author = {U. Gneezy and E. A. Keenan and A. Gneezy},
  title = {Avoiding overhead aversion in charity},
  journal = {Science}
}

@Article{Gneiting2007a,
  author    = {Gneiting, T. and Raftery, E.},
  title     = {Strictly proper scoring rules, prediction, and estimation},
  journal   = {Journal of the Amerian Statistical Association},
  year      = {2007},
  volume    = {102},
  number     = {477},
  pages     = {359--377},
  doi       = {10.1198/016214506000001437}
}

@Article{Gneiting2007b,
  author    = {Gneiting, T. and Balabdaoui, F. and Raftery, E.},
  title     = {Probabilistic forecasts, calibration and sharpness},
  journal   = {Journal of the Royal Statistical Society},
  year      = {2007},
  volume    = {69},
  number     = {2},
  pages     = {243--268},
  doi       = {10.1111/j.1467-9868.2007.00587.x}
}

@Article{Gneiting2014,
  author    = {Gneiting, T. and Katzfuss, M.},
  title     = {Probabilistic forecasting},
  year      = {2014},
  journal   = {Annual Review of Statistics and Its Application},
  volume    = {1},
  pages     = {125--151},
  doi       = {10.1146/annurev-statistics-062713-085831}
}

@Book{Good1950,
  author    = {Good, I. J.},
  year      = {1950},
  title     = {Probability and the Weighing of Evidence},
  publisher = {Griffin, London}
}

@Article{Good1958,
  author    = {Good, I. J.},
  title     = {Significance tests in parallel and in series},
  year      = {1958},
  journal   = {Journal of the American Statistical Association},
  volume    = {53},
  number     = {284},
  pages     = {799--813},
  doi = {10.1080/01621459.1958.10501480}
}

@book{Good1983,
   AUTHOR = {Good, I. J.},
   YEAR   = {1983},
   TITLE  = {{Good Thinking: The Foundations of Probability and Its Applications}},
   PUBLISHER = {University of Minnesota Press},
   ADDRESS = {Minneapolis}
}

@Article{Goodman1992,
  author    = {Goodman, S. N.},
  title     = {A comment on replication, {$p$}-values and evidence},
  journal   = {Statistics in Medicine},
  year      = {1992},
  volume    = {11},
  number    = {7},
  pages     = {875--879},
  doi       = {10.1002/sim.4780110705}
}

@article{Grieve2016,
  doi = {10.1002/pst.1736},
  year = {2016},
  volume = {15},
  number = {2},
  pages = {96--108},
  author = {Andrew P. Grieve},
  title = {Idle thoughts of a `well-calibrated' {Bayesian} in clinical drug development},
  journal = {Pharmaceutical Statistics}
}

@Article{Greenland2006,
  title     = {{Bayesian} perspectives for epidemiological research: I. foundations and basic methods},
  author    = {Greenland, S.},
  year      = {2006},
  journal   = {International Journal of Epidemiology},
  volume    = {35},
  number = {3},
  pages     = {765--775},
  doi       = {10.1093/ije/dyi312}
}

@Article{Greenland2011,
  title     = {Null misinterpretation in statistical testing and its impact on health risk assessment},
  author    = {Greenland, S.},
  year      = {2011},
  journal   = {Preventive Medicine},
  volume    = {53},
  number = {4-5},
  pages     = {225--228},
  doi       = {10.1016/j.ypmed.2011.08.010}
}

@article{Hauser2014,
  doi = {10.1038/nature13530},
  year = {2014},
  volume = {511},
  number = {7508},
  pages = {220--223},
  author = {Oliver P. Hauser and David G. Rand and Alexander Peysakhovich and Martin A. Nowak},
  title = {Cooperating with the future},
  journal = {Nature}
}

@article{Harms2019,
  doi       = {10.1080/00031305.2018.1518787},
  year      = {2019},
  volume    = {73},
  number    = {4},
  pages     = {327--339},
  author    = {Christopher Harms},
  title     = {A {Bayes} Factor for Replications of {ANOVA} Results},
  journal   = {The American Statistician}
}


@article{Hedges1981,
  doi = {10.3102/10769986006002107},
  year = {1981},
  volume = {6},
  number = {2},
  pages = {107--128},
  author = {Larry V. Hedges},
  title = {Distribution Theory for {Glass}{\textquotesingle}s Estimator of Effect size and Related Estimators},
  journal = {Journal of Educational Statistics}
}


@book{Hedges1985,
title = "Statistical Methods for Meta-Analysis",
author = "Hedges, {Larry V.} and I. Olkin",
editor = "Hedges, {Larry V.}",
year = "1985",
language = "English",
publisher = "Elsevier Science",
address = {Saint Louis},
doi = {10.1016/C2009-0-03396-0}
}


@Article{Held2010,
  author    = {Held, L. and Rufibach, K. and Balabdaoui, F.},
  title     = {A score regression approach to assess calibration of continuous probabilistic predictions},
  journal   = {Biometrics},
  year      = {2010},
  volume    = {66},
  number     = {4},
  pages     = {1295--1305},
  doi       = {10.1111/j.1541-0420.2010.01406.x}
}

@Article{Held2013,
  author    = {Held, L.},
  title     = {Reverse-{B}ayes analysis of two common misinterpretations of significance test},
  year      = {2013},
  journal   = {Clinical Trials},
  volume    = {10},
  number = {2},
  pages     = {236--242},
  doi       = {10.1177/1740774512468807}
}

@Book{Held2014,
  author    = {L. Held and D. {Saban{\'e}s Bov{\'e}}},
  title     = {Applied Statistical Inference},
  year      = {2014},
  doi       = {10.1007/978-3-642-37887-4},
  publisher = {Springer},
  address = {Heidelberg}
}

@Article{Held2018,
  doi = {10.1146/annurev-statistics-031017-100307},
  year = {2018},
  publisher = {Annual Reviews},
  volume = {5},
  number = {1},
  pages = {393--419},
  author = {Leonhard Held and Manuela Ott},
  title = {On $p$-Values and {Bayes} Factors},
  journal = {Annual Review of Statistics and Its Application}
}


@Article{Held2019a,
  doi       = {10.1098/rsos.181534},
  year      = {2019},
  volume    = {6},
  number    = {3},
  pages     = {181534},
  author    = {Leonhard Held},
  title     = {The assessment of intrinsic credibility and a new argument for $p < 0.005$},
  journal   = {Royal Society Open Science}
}

@Article{Held2020,
  author    = {Held, L.},
  title     = {A new standard for the analysis and design of replication studies (with discussion)},
  journal   = {Journal of the Royal Statistical Society: {S}eries A (Statistics in Society)},
  volume    = {183},
  number    = {2},
  pages     = {431--448},
  year      = {2020},
  doi       = {10.1111/rssa.12493},
}

@article{Held2020b,
  doi       = {10.1111/rssc.12410},
  year      = {2020},
  volume    = {69},
  number    = {3},
  pages     = {697--708},
  author    = {Leonhard Held},
  title     = {The harmonic mean $\chi^2$-test to substantiate scientific findings},
  journal   = {Journal of the Royal Statistical Society: Series C (Applied Statistics)}
}

@article {Held2019b,
	author = {Held, Leonhard},
	title = {On the {Bayesian} interpretation of the harmonic mean $p$-value},
	volume = {116},
	number = {13},
	pages = {5855--5856},
	year = {2019},
	doi = {10.1073/pnas.1900671116},
	journal = {Proceedings of the National Academy of Sciences}
}

@article{Held2021,
  doi = {10.1214/21-aoas1502},
  year = {2022},
  volume = {16},
  number = {2},
  pages = {706--720},
  author = {Leonhard Held and Charlotte Micheloud and Samuel Pawel},
  title = {The assessment of replication success based on relative effect size},
  journal = {The Annals of Applied Statistics}
}

@article{Held2021b,
  doi = {10.1002/jrsm.1538},
  year = {2022},
  volume = {13},
  number = {3},
  pages = {295--314},
  author = {Leonhard Held and Robert Matthews and Manuela Ott and Samuel Pawel},
  title = {Reverse-{Bayes} methods for evidence assessment and research synthesis},
  journal = {Research Synthesis Methods}
}


@article{Hedges2019b,
  doi       = {10.3102/1076998619852953},
  year      = {2019},
  volume    = {44},
  number    = {5},
  pages     = {543--570},
  author    = {Larry V. Hedges and Jacob M. Schauer},
  title     = {More Than One Replication Study Is Needed for Unambiguous Tests of Replication},
  journal   = {Journal of Educational and Behavioral Statistics}
}

@article{Hedges2021,
author = {Hedges, Larry V. and Schauer, Jacob M.},
title = {The design of replication studies},
journal = {Journal of the Royal Statistical Society: Series A (Statistics in Society)},
volume = {184},
number = {3},
pages = {868--886},
doi = {https://doi.org/10.1111/rssa.12688},
year = {2021}
}

@Article{Ioannidis2005,
  author    = {John P. A. Ioannidis},
  title     = {Why most published research findings are false},
  journal   = {{PLoS} Medicine},
  year      = {2005},
  volume    = {2},
  number    = {8},
  pages     = {e124},
  doi       = {10.1371/journal.pmed.0020124}
}

@Article{Janssen2010,
  doi       = {10.1126/science.1183532},
  year      = {2010},
  publisher = {American Association for the Advancement of Science ({AAAS})},
  volume    = {328},
  number    = {5978},
  pages     = {613--617},
  author    = {M. A. Janssen and R. Holahan and A. Lee and E. Ostrom},
  title     = {Lab Experiments for the Study of Social-Ecological Systems},
  journal   = {Science}
}

@Book{Jeffreys1961,
  title     = {Theory of Probability},
  author    = {Jeffreys, H.},
  year      = {1961},
  edition   = {third},
  publisher = {Clarendon Press},
  address = {Oxford}
}

@Article{John2012,
  author    = {Leslie K. John and George Loewenstein and Drazen Prelec},
  title     = {Measuring the prevalence of questionable research practices with incentives for truth telling},
  journal   = {Psychological Science},
  year      = {2012},
  volume    = {23},
  number    = {5},
  pages     = {524--532},
  doi       = {10.1177/0956797611430953}
}

@book{Johnson1995,
 Author = {Norman L. Johnson and Samuel Kotz and Narayanaswamy Balakrishnan},
 title = {Continuous Univariate Distributions, Vol. 2},
 publisher = {Wiley},
 year = {1995},
 isbn = {0471584940},
 edition = {second},
 address = {New York}
}

@article{Johnson2010,
  doi 	    = {10.1111/j.1467-9868.2009.00730.x},
  year      = {2010},
  publisher = {Wiley},
  volume    = {72},
  number    = {2},
  pages     = {143--170},
  author    = {Valen E. Johnson and David Rossell},
  title     = {On the use of non-local prior densities in {Bayesian} hypothesis tests},
  journal   = {Journal of the Royal Statistical Society: Series B (Statistical Methodology)}
}

@article{Johnson2016,
  doi       = {10.1080/01621459.2016.1240079},
  year      = {2016},
  volume    = {112},
  number    = {517},
  pages     = {1--10},
  author    = {Valen E. Johnson and Richard D. Payne and Tianying Wang and Alex Asher and Soutrik Mandal},
  title     = {On the reproducibility of psychological science},
  journal   = {Journal of the American Statistical Association}
}

@article{Kass1995,
  doi       = {10.1080/01621459.1995.10476572},
  year      = {1995},
  volume    = {90},
  number    = {430},
  pages     = {773--795},
  author    = {Robert E. Kass and Adrian E. Raftery},
  title     = {Bayes Factors},
  journal   = {Journal of the American Statistical Association}
}

@book{Kay2015,
AUTHOR = {Kay, R.},
doi = {10.1002/9781118451885},
TITLE = {Statistical Thinking for Non-Statisticians in Drug Regulation},
PUBLISHER = {John Wiley \& Sons},
ADDRESS = {Chichester},
YEAR = {2015},
EDITION = {second}
}


@Article{Kicinski2015,
  doi       = {10.1002/sim.6525},
  year      = {2015},
  volume    = {34},
  number    = {20},
  pages     = {2781--2793},
  author    = {Michal Kicinski and David A. Springate and Evangelos Kontopantelis},
  title     = {Publication bias in meta-analyses from the {Cochrane} database of systematic reviews},
  journal   = {Statistics in Medicine}
}

@Article{Killeen2005,
  title     = {An Alternative to null-hypothesis significance tests},
  author    = {Killeen, P.},
  journal   = {Psychological Science},
  year      = {2006},
  volume    = {16},
  number     = {5},
  pages     = {345--353},
  doi       = {10.1111/j.0956-7976.2005.01538.x}
}

@Article{Klein2014,
  authorfull= {Klein, Richard A. and Ratliff, Kate A. and Vianello, Michelangelo and Adams, Reginald B. and Bahn\'{i}k, \v{S}t\v{e}p\'{a}n and Bernstein, Michael J. and Bocian, Konrad and Brandt, Mark J. and Brooks, Beach and Brumbaugh, Claudia Chloe and Cemalcilar, Zeynep and Chandler, Jesse and Cheong, Winnee and Davis, William E. and Devos, Thierry and Eisner, Matthew and Frankowska, Natalia and Furrow, David and Galliani, Elisa Maria and Hasselman, Fred and Hicks, Joshua A. and Hovermale, James F. and Hunt, S. Jane and Huntsinger, Jeffrey R. and IJzerman, Hans and John, Melissa-Sue and Joy-Gaba, Jennifer A. and Barry Kappes, Heather and Krueger, Lacy E. and Kurtz, Jaime and Levitan, Carmel A. and Mallett, Robyn K. and Morris, Wendy L. and Nelson, Anthony J. and Nier, Jason A. and Packard, Grant and Pilati, Ronaldo and Rutchick, Abraham M. and Schmidt, Kathleen and Skorinko, Jeanine L. and Smith, Robert and Steiner, Troy G. and Storbeck, Justin and Van Swol, Lyn M. and Thompson, Donna and van 't Veer, A. E. and Ann Vaughn, Leigh and Vranka, Marek and Wichman, Aaron L. and Woodzicka, Julie A. and Nosek, Brian A.},
  author    = {Klein, Richard A. and Ratliff, Kate A. and Vianello, Michelangelo and Adams, Reginald B. and Bahn\'{i}k, \v{S}t\v{e}p\'{a}n and Bernstein, Michael J. and Bocian, Konrad and Brandt, Mark J. and Brooks, Beach and others},
  title     = {Investigating variation in replicability: A ``many labs'' replication project},
  journal   = {Social Psychology},
  year      = {2014},
  volume    = {45},
  number     = {3},
  pages     = {142--152},
  doi       = {10.1027/1864-9335/a000178}
}

@Article{Klein2018,
  authorfull    = {Richard A. Klein and Michelangelo Vianello and Fred Hasselman and Byron G. Adams and Reginald B. Adams, Jr. and Sinan Alper and Mark Aveyard and Jordan R. Axt and Mayowa T. Babalola and \v{S}t\v{e}p\'{a}n Bahn\'{i}k and Rishtee Batra and Mih\'{a}ly Berkics and Michael J. Bernstein and Daniel R. Berry and Olga Bialobrzeska and Evans Dami Binan and Konrad Bocian and Mark J. Brandt and Robert Busching and Anna Cabak R\'{e}dei and Huajian Cai and Fanny Cambier and Katarzyna Cantarero and Cheryl L. Carmichael and Francisco Ceric and Jesse Chandler and Jen-Ho Chang and Armand Chatard and Eva E. Chen and Winnee Cheong and David C. Cicero and Sharon Coen and Jennifer A. Coleman and Brian Collisson and Morgan A. Conway and Katherine S. Corker and Paul G. Curran and Fiery Cushman and Zubairu K. Dagona and Ilker Dalgar and Anna Dalla Rosa and William E. Davis and Maaike de Bruijn and Leander De Schutter and Thierry Devos and Marieke de Vries and Canay Do\v{g}ulu and Nerisa Dozo and Kristin Nicole Dukes and Yarrow Dunham and Kevin Durrheim and Charles R. Ebersole and John E. Edlund and Anja Eller and Alexander Scott English and Carolyn Finck and Natalia Frankowska and Miguel-\'{A}ngel Freyre and Mike Friedman and Elisa Maria Galliani and Joshua C. Gandi and Tanuka Ghoshal and Steffen R. Giessner and Tripat Gill and Timo Gnambs and \'{A}ngel G\'{o}mez and Roberto Gonz\'{a}lez and Jesse Graham and Jon E. Grahe and Ivan Grahek and Eva G. T. Green and Kakul Hai and Matthew Haigh and Elizabeth L. Haines and Michael P. Hall and Marie E. Heffernan and Joshua A. Hicks and Petr Houdek and Jeffrey R. Huntsinger and Ho Phi Huynh and Hans Ijzerman and Yoel Inbar and \r{A}se H. Innes-Ker and William Jim\'{e}nez-Leal and Melissa-Sue John and Jennifer A. Joy-Gaba and Roza G. Kamilo\v{g}lu and Heather Barry Kappes and Serdar Karabati and Haruna Karick and Victor N. Keller and Anna Kende and Nicolas Kervyn and Goran Kne\v{z}evi\'{c} and Carrie Kovacs and Lacy E. Krueger and German Kurapov and Jamie Kurtz and Dani\"{e}l Lakens and Ljiljana B. Lazarevi\'{c} and Carmel A. Levitan and Neil A. Lewis, Jr. and Samuel Lins and Nikolette P. Lipsey and Joy E. Losee and Esther Maassen and Angela T. Maitner and Winfrida Malingumu and Robyn K. Mallett and Satia A. Marotta and Janko Mededovi\'{c} and Fernando Mena-Pacheco and Taciano L. Milfont and Wendy L. Morris and Sean C. Murphy and Andriy Myachykov and Nick Neave and Koen Neijenhuijs and Anthony J. Nelson and F\'{e}lix Neto and Austin Lee Nichols and Aaron Ocampo and Susan L. O'Donnell and Haruka Oikawa and Masanori Oikawa and Elsie Ong and G\'{a}bor Orosz and Malgorzata Osowiecka and Grant Packard and Rolando P\'{e}rez-S\'{a}nchez and Boban Petrovi\'{c} and Ronaldo Pilati and Brad Pinter and Lysandra Podesta and Gabrielle Pogge and Monique M. H. Pollmann and Abraham M. Rutchick and Patricio Saavedra and Alexander K. Saeri and Erika Salomon and Kathleen Schmidt and Felix D. Sch\"{o}nbrodt and Maciej B. Sekerdej and David Sirlop\'{u} and Jeanine L. M. Skorinko and Michael A. Smith and Vanessa Smith-Castro and Karin C. H. J. Smolders and Agata Sobkow and Walter Sowden and Philipp Spachtholz and Manini Srivastava and Troy G. Steiner and Jeroen Stouten and Chris N. H. Street and Oskar K. Sundfelt and Stephanie Szeto and Ewa Szumowska and Andrew C. W. Tang and Norbert Tanzer and Morgan J. Tear and Jordan Theriault and Manuela Thomae and David Torres and Jakub Traczyk and Joshua M. Tybur and Adrienn Ujhelyi and Robbie C. M. van Aert and Marcel A. L. M. van Assen and Marije van der Hulst and Paul A. M. van Lange and Anna Elisabeth van't Veer and Alejandro V\'{a}squez- Echeverr\'{i}a and Leigh Ann Vaughn and Alexandra V\'{a}zquez and Luis Diego Vega and Catherine Verniers and Mark Verschoor and Ingrid P. J. Voermans and Marek A. Vranka and Cheryl Welch and Aaron L. Wichman and Lisa A. Williams and Michael Wood and Julie A. Woodzicka and Marta K. Wronska and Liane Young and John M. Zelenski and Zeng Zhijia and Brian A. Nosek},
  author    = {Richard A. Klein and Michelangelo Vianello and Fred Hasselman and Byron G. Adams and Reginald B. Adams, Jr. and Sinan Alper and Mark Aveyard and Jordan R. Axt and Mayowa T. Babalola and others},
  title     = {Many labs 2: Investigating variation in replicability across samples and settings},
  journal   = {Advances in Methods and Practices in Psychological Science},
  volume    = {1},
  number    = {4},
  pages     = {443--490},
  year      = {2018},
  doi       = {10.1177/2515245918810225}
}

@Article{Kennedy2017,
  author    = {Kennedy-Shaffer, L.},
  title     = {When the alpha is the omega: {$P$}-Values, ``Substantial evidence,'' and the 0.05 Standard at {FDA}},
  year      = {2017},
  journal   = {Food and Drug Law Journal},
  volume    = {72},
  number    = {4},
  pages     = {595--635},
  url       = {https://www.ncbi.nlm.nih.gov/pmc/articles/PMC6169785/}
}

@article{Kovacs2010,
  doi       = {10.1126/science.1190792},
  year      = {2010},
  publisher = {American Association for the Advancement of Science ({AAAS})},
  volume    = {330},
  number    = {6012},
  pages     = {1830--1834},
  author    = {A. M. Kovacs and E. Teglas and A. D. Endress},
  title     = {The Social Sense: Susceptibility to Others{\textquotesingle} Beliefs in Human Infants and Adults},
  journal   = {Science}
}

@Article{Liang2008,
  doi       = {10.1198/016214507000001337},
  year      = {2008},
  publisher = {Informa {UK} Limited},
  volume    = {103},
  number    = {481},
  pages     = {410--423},
  author    = {Feng Liang and Rui Paulo and German Molina and Merlise A Clyde and Jim O Berger},
  title     = {Mixtures of $g$ Priors for {Bayesian} Variable Selection},
  journal   = {Journal of the American Statistical Association}
}

@article{Liebermeister1877,
  year      = {1877},
  number    = {110},
  pages     = {935--962},
  author    = {Carl Liebermeister},
  title     = {{\"U}ber {Wahrscheinlichkeitsrechnung} in {Anwendung} auf therapeutische {Statistik}},
  journal   = {Sammlung klinischer Vorträge \em{(Innere Medicin No. 31--64)}}
}

@Article{Ly2018,
  doi       = {10.3758/s13428-018-1092-x},
  year      = {2018},
  volume    = {51},
  number    = {6},
  pages     = {2498--2508},
  author    = {Alexander Ly and Alexander Etz and Maarten Marsman and Eric-Jan Wagenmakers},
  title     = {Replication {Bayes} factors from evidence updating},
  journal   = {Behavior Research Methods}
}

@Article{Ly2020,
  Title = {Discussion of "{A} new standard for the analysis and design of replication studies" by {Leonhard Held}},
  Author = {Ly, A. and Wagenmakers, E.-J.},
  Year = {2020},
  Journal = {Journal of the Royal Statistical Society, Series A},
   VOLUME = {{183}},
   number = {2},
   PAGES = {460-461},
   doi = {10.1111/rssa.12544}
}

@article{Ly2021,
  doi = {10.1007/s11749-022-00819-w},
  year = {2022},
  volume = {31},
  pages = {1121--1142},
  author = {Alexander Ly and Eric-Jan Wagenmakers},
  title = {Bayes factors for peri-null hypotheses},
  journal = {{TEST}}
}

@article{Marshall1988,
  doi       = {10.1002/sim.4780071203},
  year      = {1988},
  volume    = {7},
  number    = {12},
  pages     = {1223--1230},
  author    = {R. J. Marshall},
  title     = {Bayesian analysis of case-control studies},
  journal   = {Statistics in Medicine}
}

@Article{Matthews2001a,
  author    = {Matthews, R. A. J.},
  title     = {Methods for assessing the credibility of clinical trial outcomes},
  year      = {2001},
  journal   = {Drug Information Journal},
  volume    = {35},
  pages     = {1469--1478},
  doi       = {10.1177/009286150103500442}
}

@Article{Matthews2001b,
  author    = {Matthews, R. A. J.},
  title     = {Why should clinicians care about {Bayesian} methods?},
  year      = {2001},
  journal   = {Journal of Statistical Planning and Inference},
  volume    = {94},
  number = {1},
  pages     = {43--71},
  doi       = {10.1016/S0378-3758(00)00232-9}
}

@Article{Matthews2018,
  author    = {Matthews, R. A. J.},
  title     = {Beyond `significance': principles and practice of the analysis of credibility},
  year      = {2018},
  journal   = {Royal Society Open Science},
  volume    = {5},
  number = {1},
  pages    = {171047},
  doi       = {10.1098/rsos.171047}
}

@article{Mathur2020,
  doi = {10.1111/rssa.12572},
  year = {2020},
  volume = {183},
  number = {3},
  pages = {1145--1166},
  author = {Maya B. Mathur and Tyler J. VanderWeele},
  title = {New statistical metrics for multisite replication projects},
  journal = {Journal of the Royal Statistical Society: Series A (Statistics in Society)}
}

@article{McShane2019,
  doi       = {10.1080/00031305.2018.1505655},
  year      = {2019},
  volume    = {73},
  number    = {sup1},
  pages     = {99--105},
  author    = {Blakeley B. McShane and Jennifer L. Tackett and Ulf B\"{o}ckenholt and Andrew Gelman},
  title     = {Large-scale replication projects in contemporary psychological research},
  journal   = {The American Statistician}
}

@article{Micheloud2020,
  doi = {10.1214/21-sts828},
  year = {2022},
  volume = {37},
  number = {3},
  pages = {369--379},
  author = {Charlotte Micheloud and Leonhard Held},
  title = {Power Calculations for Replication Studies},
  journal = {Statistical Science}
}

@Article{Munafo2017,
  author    = {Munaf{\`{o}}, M. R. and Nosek, B. A. and Bishop, D. V. M. and Button, K. S. and Chambers, C. D. and Sert, N. P. and Wagenmakers, Eric-Jan and Ware, J. J. and Ioannidis, J. P. A.},
  title     = {A manifesto for reproducible science},
  year      = {2017},
  journal   = {Nature Human Behaviour},
  volume    = {1},
  pages    = {0021},
  doi       = {10.1038/s41562-016-0021}
}

@Manual{Murdoch2018,
  title     = {tables: Formula-Driven Table Generation},
  author    = {Duncan Murdoch},
  year      = {2018},
  note      = {R package version 0.8.7},
  url       = {https://CRAN.R-project.org/package=tables}
}

@Article{Neuenschwander2018,
  author    = {Neuenschwander, B. and Roychoudhury, S. and Branson, M.},
  title     = {Predictive evidence threshold scaling: Does the evidence meet a confirmatory standard?},
  journal   = {Statistics in Biopharmaceutical Research},
  year      = {2018},
  volume    = {10},
  number    = {2},
  pages     = {76--84},
  doi       = {10.1080/19466315.2017.1392892}
}

@Article{OHagan2001,
  doi       = {10.1002/sim.861},
  year      = {2001},
  publisher = {Wiley},
  volume    = {20},
  number    = {5},
  pages     = {733--753},
  author    = {Anthony O{\textquotesingle}Hagan and John W. Stevens and Jacques Montmartin},
  title     = {{Bayesian} cost-effectiveness analysis from clinical trial data},
  journal   = {Statistics in Medicine}
}

@Article{Opensc2015,
  author    = {{Open Science Collaboration}},
  title     = {Estimating the reproducibility of psychological science},
  journal   = {Science},
  year      = {2015},
  volume    = {349},
  number    = {6251},
  pages     = {aac4716},
  doi       = {10.1126/science.aac4716}
}

@Article{Patil2016,
  author    = {Patil, P. and Peng, R. D. and Leek, J. T.},
  title     = {What should researchers expect when they replicate studies? {A} statistical view of replicability in psychological science},
  year      = {2016},
  journal   = {Perspectives on Psychological Science},
  volume    = {11},
  number     = {4},
  pages     = {539--544},
  doi       = {10.1177/1745691616646366}
}

@article{Pawel2020,
  doi       = {10.1371/journal.pone.0231416},
  year      = {2020},
  volume    = {15},
  number    = {4},
  pages     = {e0231416},
  author    = {Samuel Pawel and Leonhard Held},
  title     = {Probabilistic forecasting of replication studies},
  journal   = {{PLOS} {ONE}}
}

@Article{Pericchi2020,
  author    = {Pericchi, L.},
  title     = {Discussion on the meeting on `{Signs} and sizes: understanding and replicating statistical findings'},
  year      = {2020},
  journal   = {Journal of the Royal Statistical Society: Series A (Statistics in Society)},
  volume    = {183},
  number    = {2},
  pages     = {449--469},
  doi       = {10.1111/rssa.12544}
}

@Book{Popper1935,
  author    = {Popper, Karl},
  title     = {Logik der Forschung: Zur Erkenntnistheorie der modernen Naturwissenschaft},
  year      = {1935},
  publisher = {Springer-Verlag},
  address = {Wien}
}

@article{Pyc2010,
  doi = {10.1126/science.1191465},
  year = {2010},
  volume = {330},
  number = {6002},
  pages = {335--335},
  author = {M. A. Pyc and K. A. Rawson},
  title = {Why Testing Improves Memory: Mediator Effectiveness Hypothesis},
  journal = {Science}
}

@Manual{R,
  title         = {R: A Language and Environment for Statistical Computing},
  author        = {{R Core Team}},
  organization  = {R Foundation for Statistical Computing},
  address       = {Vienna, Austria},
  year          = {2022},
url             = {https://www.R-project.org/},
}


@Article{Rufibach2016,
  author    = {Rufibach, K. and Burger, H. U. and Abt, M.},
  title     = {{Bayesian} predictive power: choice of prior and some recommendations for its use as probability of success in drug development},
  journal   = {Pharmaceutical Statistics},
  year      = {2016},
  volume    = {15},
  number    = {5},
  pages     = {438--446},
  doi       = {10.1002/pst.1764}
}

@Incollection{Schmid2005,
  author    = {Schmid, Christopher H. and Griffith, John L.},
  title     = {Multivariate Classification Rules: Calibration and
Discrimination},
  booktitle = {Encyclopedia of Biostatistics},
  publisher = {Wiley},
  address = {Chichester},
  year      =  {2005},
  editor      =       {Armitage, Peter and Colton, Theodore},
  volume =       {5},
  pages =        {3491--3497},
  edition =      {second},
}

@Article{Schoenbrodt2017,
  doi       = {10.3758/s13423-017-1230-y},
  year      = {2017},
  publisher = {Springer Science and Business Media {LLC}},
  volume    = {25},
  number    = {1},
  pages     = {128--142},
  author    = {Felix D. Sch\"{o}nbrodt and Eric-Jan Wagenmakers},
  title     = {Bayes factor design analysis: Planning for compelling evidence},
  journal   = {Psychonomic Bulletin {\&} Review}
}

@article{Senn2002,
  doi = {10.1002/sim.1072},
  year = {2002},
  volume = {21},
  number = {16},
  pages = {2437--2444},
  author = {Stephen Senn},
  title = {Letter to the editor: A comment on replication, $p$-values and evidence by {S. N. Goodman}},
  journal = {Statistics in Medicine}
}


@book{Senn2008,
  title={Statistical issues in drug development},
  author={Stephen Senn},
  volume={69},
  year={2008},
  publisher={John Wiley \& Sons},
  edition = {second},
  address = {Chichester}
}

@article{Showalter2017,
  doi = {10.7554/elife.26030},
  year = {2017},
  volume = {6},
  author = {Megan Reed Showalter and Jason Hatakeyama and Tomas Cajka and Kacey VanderVorst and Kermit L Carraway and Oliver Fiehn},
  title = {Replication Study: The common feature of leukemia-associated {IDH}1 and {IDH}2 mutations is a neomorphic enzyme activity converting alpha-ketoglutarate to 2-hydroxyglutarate},
  journal = {{eLife}}
}

@Article{Simmons2011,
  author    = {Simmons, Joseph P. and Nelson, Leif D. and Simonsohn, Uri},
  title     = {False-positive psychology: Undisclosed flexibility in data collection and analysis allows presenting anything as significant},
  journal   = {Psychological Science},
  year      = {2011},
  volume    = {22},
  number    = {11},
  pages     = {1359--1366},
  doi       = {10.1177/0956797611417632}
}

@Article{Simonsohn2015,
  author    = {Simonsohn, U.},
  title     = {Small telescopes: Detectability and the evaluation of replication results},
  year      = {2015},
  journal   = {Psychological Science},
  volume    = {26},
  number     = {5},
  pages     = {559--569},
  doi       = {10.1177/0956797614567341}
}

@Article{Spiegelhalter1986,
  author    = {Spiegelhalter, D. J.},
  title     = {Probabilistic prediction in patient management and clinical trials},
  journal   = {Statistics in Medicine},
  volume    = {5},
  pages     = {421--433},
  year      = {1986}
}

@article{Spiegelhalter1986b,
  doi       = {10.1016/0197-2456(86)90003-6},
  year      = {1986},
  volume    = {7},
  number    = {1},
  pages     = {8--17},
  author    = {David J. Spiegelhalter and Laurence S. Freedman and Patrick R. Blackburn},
  title     = {Monitoring clinical trials: Conditional or predictive power?},
  journal   = {Controlled Clinical Trials}
}

@Book{Spiegelhalter2004,
  author    = {Spiegelhalter, D. J. and Abrams, R. and Myles, J. P.},
  title     = {{Bayesian} Approaches to Clinical Trials and Health-Care Evaluation},
  year      = {2004},
  address = {Chichester},
  publisher = {Wiley},
  doi = {10.1002/0470092602}
}

@Book{Steyerberg2009,
  author    = {Steyerberg, E.},
  title     = {Clinical Prediction Models},
  year      = {2019},
  doi       = {10.1007/978-0-387-77244-8},
  publisher = {Springer International Publishing},
  address = {Cham}
}

@Article{Wasserstein2016,
	author    = {Wasserstein, Ronald L. and Lazar, Nicole A.},
	title     = {The {ASA}'s statement on $p\,$-Values: Context, process, and purpose},
	year      = {2016},
	journal   = {The American Statistician},
	volume    = {70},
	number    = {2},
	pages     = {129--133},
	doi       = {10.1080/00031305.2016.1154108}
}

@article{vanAert2017,
  doi       = {10.1371/journal.pone.0175302},
  year      = {2017},
  volume    = {12},
  number    = {4},
  pages     = {e0175302},
  author    = {Robbie C. M. van Aert and Marcel A. L. M. van Assen},
  title     = {Bayesian evaluation of effect size after replicating an original study},
  journal   = {{PLOS} {ONE}}
}

@article{VanErp2017,
  doi       = {10.5334/jopd.33},
  year      = {2017},
  volume    = {5},
  number    = {1},
  pages     = {4},
  author    = {Sara Van Erp and Josine Verhagen and Raoul P. P. P. Grasman and Eric-Jan Wagenmakers},
  title     = {Estimates of between-study heterogeneity for 705 meta-analyses reported in {\textit{Psychological Bulletin}} from 1990-2013},
  journal   = {Journal of Open Psychology Data}
}

@Article{Verhagen2014,
  author    = {Verhagen, Josine and Wagenmakers, Eric-Jan},
  title     = {{Bayesian} tests to quantify the result of a replication attempt},
  year      = {2014},
  journal   = {Journal of Experimental Psychology: General},
  volume    = {143},
  number     = {4},
  pages     = {1457--1475},
  doi       = {10.1037/a0036731}
}

@article{Vlachos2003,
  doi       = {10.1016/s0378-3758(02)00304-x},
  year      = {2003},
  volume    = {111},
  number    = {1-2},
  pages     = {223--234},
  author    = {Pantelis K Vlachos and Alan E Gelfand},
  title     = {On the calibration of {Bayesian} model choice criteria},
  journal   = {Journal of Statistical Planning and Inference}
}

@Article{Wagenmakers2020,
  doi       = {10.1007/s10670-019-00209-z},
  year      = {2020},
  author    = {Eric-Jan Wagenmakers and Quentin F. Gronau and Fabian Dablander and Alexander Etz},
  title     = {The Support Interval},
  journal   = {Erkenntnis}
}

@article{Wagenmakers2020b,
  doi       = {10.1111/rssa.12544},
  year      = {2020},
  volume    = {183},
  number    = {2},
  pages     = {449--469},
  title     = {Discussion on the meeting on `{Signs} and sizes: understanding and replicating statistical findings'},
  author    = {Eric-Jan Wagenmakers and Alexander Ly},
  journal   = {Journal of the Royal Statistical Society: Series A (Statistics in Society)}
}

@article{Ward2010,
  doi = {10.1016/j.ccr.2010.01.020},
  year = {2010},
  volume = {17},
  number = {3},
  pages = {225--234},
  authorfull = {Patrick S. Ward and Jay Patel and David R. Wise and Omar Abdel-Wahab and Bryson D. Bennett and Hilary A. Coller and Justin R. Cross and Valeria R. Fantin and Cyrus V. Hedvat and Alexander E. Perl and Joshua D. Rabinowitz and Martin Carroll and Shinsan M. Su and Kim A. Sharp and Ross L. Levine and Craig B. Thompson},
  author = {Patrick S. Ward and Jay Patel and David R. Wise and Omar Abdel-Wahab and Bryson D. Bennett and Hilary A. Coller and Justin R. Cross and Valeria R. Fantin and Cyrus V. Hedvat and Alexander E. Perl and others},
  title = {The Common Feature of Leukemia-Associated {IDH}1 and {IDH}2 Mutations Is a Neomorphic Enzyme Activity Converting $\alpha$-Ketoglutarate to 2-Hydroxyglutarate},
  journal = {Cancer Cell}
}

@Article{Weiss1997,
  doi       = {10.1111/1467-9884.00075},
  year      = {1997},
  volume    = {46},
  number    = {2},
  pages     = {185--191},
  author    = {Robert Weiss},
  title     = {{Bayesian} sample size calculations for hypothesis testing},
  journal   = {Journal of the Royal Statistical Society: Series D (The Statistician)}
}

@Article{Wicherts2016,
  author    = {Jelte M. Wicherts and Coosje L. S. Veldkamp and Hilde E. M. Augusteijn and Marjan Bakker and Robbie C. M. van Aert and Marcel A. L. M. van Assen},
  title     = {Degrees of freedom in planning, running, analyzing, and reporting psychological studies: A Checklist to avoid $p\,$-hacking},
  journal   = {Frontiers in Psychology},
  year      = {2016},
  volume    = {7},
  number    = {1832},
  doi       = {10.3389/fpsyg.2016.01832}
}

@Book{Wickham2016,
    author  = {Hadley Wickham},
    title   = {ggplot2: Elegant Graphics for Data Analysis},
    publisher = {Springer International Publishing},
    address = {Cham},
    year    = {2016},
    isbn    = {978-3-319-24277-4},
    doi     = {10.1007/978-3-319-24277-4},
  }

@Manual{Wickham2017,
    title   = {tidyverse: Easily Install and Load the 'Tidyverse'},
    author  = {Hadley Wickham},
    year    = {2017},
    note    = {R package version 1.2.1},
    url     = {https://CRAN.R-project.org/package=tidyverse},
}

@article{Wilson2019,
    doi     = {10.1073/pnas.1814092116},
    year    = {2019},
    volume  = {116},
    number  = {4},
    pages   = {1195--1200},
    author  = {Daniel J. Wilson},
    title   = {The harmonic mean $p\,$-value for combining dependent tests},
    journal = {{PNAS}}
}

@Incollection{Zellner1986,
  author    = {Zellner, A.},
  title     = {On assessing prior distributions and {Bayesian} regression analysis with $g\,$-prior distributions},
  booktitle = {{Bayesian} Inference and Decision techniques: Essays in Honor of Bruno de Finetti},
  series    = {Studies in {Bayesian} Econometrics and Statistics},
  publisher = {Elsevier Science},
  address = {New York},
  year      = {1986},
  editor    = {Goel, P. and Zellner, A.},
  volume    = {6},
  pages     = {233--243},
}
